3417 5392
496 554 551 604 110
858 544 1018 605 utentur
1045 546 1117 606 LIB.
1142 546 1168 603 Ι.

493 693 606 737 «rum
630 691 745 762 nuper
761 690 862 763 passa
886 668 948 754 sit,
970 668 1123 764 optime,
1149 681 1188 736 ut
1204 683 1304 764 puto,
1326 671 1446 739 nostis.
1470 676 1541 744 Non

493 812 510 847 «
527 782 623 851 enim
643 780 718 850 fieri
734 782 869 878 potuit,
890 796 945 868 ut,
966 795 1018 850 tot
1031 780 1130 851 malis
1149 780 1278 876 ubique
1295 783 1541 876 grassantibus,

493 926 511 962 «
528 897 647 966 intacti
659 897 867 992 penitusque
878 896 1051 966 immunes
1061 892 1354 992 relinqueremini.
1369 903 1458 969 Nam
1469 925 1544 972 cum

494 1042 511 1079 α
529 1028 645 1084 vestra
663 1013 856 1083 necessaria
883 1037 964 1110 sepe
982 1010 1137 1110 direpta,
1160 1038 1243 1111 sepe
1264 1013 1446 1086 combusta
1463 1018 1542 1106 sint,

494 1156 512 1193 (ι
528 1152 653 1198 eorum
671 1126 903 1196 calamitatem
921 1124 1103 1196 tolerastis.
1126 1131 1170 1197 Et
1187 1151 1259 1197 non
1274 1127 1389 1200 solum
1411 1128 1545 1226 publica

494 1274 511 1310 r<
529 1243 694 1331 exterius,
714 1256 750 1312 at
762 1242 820 1310 hic
836 1243 971 1338 privata
989 1241 1085 1312 bona
1105 1243 1311 1314 intrinsecus
1329 1268 1349 1314 a
1371 1246 1543 1318 sevissimo

494 1372 688 1428 «exactore
712 1353 895 1426 Heriberto
926 1355 1055 1426 cotidie
1085 1356 1354 1428 imminuuntur.
1386 1358 1486 1430 Unde
1514 1378 1544 1432 et

494 1502 511 1539 α
528 1472 629 1543 vohis
641 1469 900 1551 considendum
917 1471 1079 1561 arbitror,
1095 1487 1134 1543 ut
1146 1489 1322 1570 pastorem
1340 1474 1441 1546 vobis
1458 1503 1544 1549 com·

494 1620 511 1656 α
529 1588 677 1659 modum
702 1587 902 1658 conibentia
931 1589 1113 1659 communi
1143 1590 1293 1686 eligatis,
1323 1615 1405 1662 cum
1428 1591 1483 1664 ille
1509 1598 1545 1666 ti·

494 1737 511 1771 «
529 1705 630 1774 ranni
650 1702 741 1774 filius
753 1703 870 1773 adhuc
890 1703 1080 1775 infantulus
1093 1705 1193 1776 vobis
1213 1706 1363 1777 idoneus
1387 1732 1462 1778 non
1485 1713 1542 1800 sit,

494 1852 511 1888 α
528 1845 569 1890 ac
581 1822 752 1890 canonica
762 1821 949 1891 auctoritas
960 1844 1084 1891 vacare
1096 1822 1286 1892 aecclesiam
1298 1840 1439 1921 pastore
1453 1839 1544 1898 tanto

494 1965 511 2002 α
528 1952 688 2032 tempore
705 1960 778 2006 non
797 1937 985 2032 permittat.
1012 1941 1082 2007 Nec
1102 1937 1286 2009 dedecoris
1305 1941 1543 2036 quicquamin

495 2082 512 2118 u
528 2077 592 2123 vos
605 2050 835 2138 redundabit,
853 2077 935 2122 cum
954 2050 1093 2122 militari
1104 2052 1271 2125 violentia
1288 2057 1399 2126 victos
1419 2071 1453 2126 et
1475 2081 1545 2155 cap

495 2197 513 2233 u
529 2182 604 2256 tos,
621 2167 687 2237 alia
699 2167 798 2261 sequi
811 2165 997 2237 necessitas
1008 2191 1072 2236 vos
1085 2167 1265 2264 adurgeat.
1283 2175 1353 2242 Nec
1364 2195 1428 2241 vos
1442 2171 1545 2242 fateor

495 2311 512 2348 ι(
529 2296 683 2370 tantum,
706 2296 878 2377 quantum
901 2307 966 2378 ego
985 2283 1021 2351 in
1040 2282 1110 2352 hoc
1135 2287 1278 2380 negotio
1293 2286 1470 2378 oberravi,
1490 2289 1545 2358 ita·

495 2427 511 2464 u
528 2423 598 2494 que
624 2398 746 2468 fecisse
774 2421 831 2468 me
853 2399 998 2496 penitet.
1029 2401 1186 2471 Peniteat
1207 2418 1242 2472 et
1268 2426 1332 2473 vos
1359 2419 1543 2474 vestrarum

495 2541 512 2578 r<
529 2537 648 2582 rerum
669 2511 895 2610 dispendium
913 2513 1095 2608 peregisse.
1123 2515 1288 2587 Reducite
1311 2517 1348 2586 in
1371 2529 1541 2604 mentem,

496 2659 512 2695 u
531 2645 661 2726 quanta
687 2653 752 2699 vos
780 2629 957 2699 calamitas
980 2629 1152 2721 affecerit3
1183 2633 1402 2704 considerate
1427 2636 1541 2724 etiam,

496 2776 513 2812 ι(
529 2759 664 2842 quanto
677 2744 912 2816 secundarum
925 2769 1043 2816 rerum
1055 2771 1215 2820 successu
1233 2749 1381 2847 provehi
1399 2753 1541 2848 possitis,

497 2891 514 2926 α
531 2861 560 2930 si
573 2860 670 2931 bono
684 2876 824 2958 pastore
841 2861 1020 2955 regamini.
1042 2891 1058 2928 >r

837 3076 909 3126 LXI.
920 3105 956 3116 --
964 3077 1061 3129 Electio
1080 3078 1179 3130 Artoldi
1192 3079 1217 3128 ³¹.

521 3221 524 3226 .
544 3243 644 3312 Cives
655 3241 700 3312 ab
710 3267 791 3338 rege
806 3244 914 3331 suasi,
926 3245 1029 3338 jussis
1043 3247 1143 3341 regiis
1160 3246 1370 3317 concedunt.
1390 3248 1544 3318 Artoldus

496 3359 612 3455 itaque
626 3358 833 3448 monachus,
849 3385 930 3455 rege
940 3361 1098 3455 jubente,
1115 3387 1157 3433 cx
1176 3361 1339 3433 coenobio
1359 3365 1467 3434 sancti
1486 3367 1544 3434 Re-

498 3472 594 3568 migii
617 3474 780 3542 omnium
803 3497 978 3546 consensu
992 3500 1074 3546 mox
1094 3493 1307 3575 assumptus,
1328 3501 1392 3574 per
1413 3479 1545 3574 imposi-

498 3588 630 3658 tionem
644 3611 815 3658 manuum
828 3591 1089 3688 episcoporum,
1109 3607 1268 3690 tempore
1281 3594 1484 3682 constituto,
1499 3619 1546 3664 re·

498 3705 563 3800 gali
581 3705 786 3795 donatione,
807 3722 1031 3778 consecratur
1054 3710 1249 3805 episcopus.
1272 3711 1341 3794 Qui
1363 3708 1547 3806 prudenter

498 3844 540 3890 ac
560 3836 700 3892 strenue
717 3823 838 3893 omnia
862 3847 1000 3918 gerens,
1023 3825 1104 3894 satis
1123 3827 1193 3895 suis
1211 3825 1360 3923 profuit,
1389 3840 1492 3920 atque
1509 3851 1545 3897 es

498 3937 704 4026 benefactis,
727 3941 888 4010 omnium
906 3956 940 4011 et
958 3941 1106 4012 maxime
1119 3967 1263 4012 suorum
1280 3941 1543 4012 benivolentiam

498 4051 632 4123 habuit.

536 4277 550 4306 *
574 4275 581 4323 i
598 4273 665 4324 absc,
