3417 5392
466 536 526 600 1³⁴
832 535 998 598 RlCHERl
1019 537 1094 598 LIB.
1118 537 1160 596 ll.

461 656 622 758 populati
638 670 738 746 suut,
760 655 921 730 basilicas
952 681 1096 755 quoque
1121 655 1348 756 quamplures
1366 659 1531 734 combus-

465 789 603 865 aemnt;
627 797 670 846 ac
692 771 904 872 indempnes
928 773 1044 848 redire
1070 772 1118 844 ob
1140 773 1343 872 principum
1364 774 1532 850 dissiden-

465 891 552 962 tiam
574 890 737 990 permissi
753 905 853 981 sunt,
875 915 959 962 cunr
976 913 1104 986 magna
1131 890 1354 987 captivorum
1378 892 1532 966 multitu·

466 1006 562 1080 diue.
584 1011 657 1080 llex
677 1007 774 1079 enim
793 1008 914 1107 copias
931 1031 1004 1078 non
1028 1005 1180 1097 habens,
1201 1007 1435 1104 ignominiam
1457 1035 1533 1109 per·

467 1125 562 1216 tulit,
578 1140 614 1197 et
626 1130 750 1223 utpote
765 1123 872 1195 asuis
884 1120 1062 1212 desertus,
1079 1121 1292 1196 sevientibus
1305 1125 1420 1196 cessit.

467 1659 546 1712 VIII.
560 1687 597 1702 -
607 1657 745 1732 Oppidum
762 1658 954 1712 Montinimum
973 1677 1018 1711 rex
1038 1677 1086 1730 per
1101 1659 1236 1712 cohortem
1256 1619 1412 1729 expugbst*
1431 1658 1533 1728 ejusque

866 1753 1040 1826 principem*
1055 1753 1134 1825 capit.

516 1913 654 2004 Quibus
677 1913 840 2012 digressis
859 1940 921 1986 rex
943 1914 989 1986 ad
1009 1912 1184 2015 oppidum
1207 1913 1463 1986 Montiniacum
1480 1935 1536 1982 co

470 2031 610 2104 hortem
629 2032 753 2125 mittit,
773 2057 851 2130 quae
871 2029 959 2103 illud
977 2045 1144 2133 occupet,
1164 2045 1378 2132 captumque
1401 2028 1532 2117 diruat,

471 2173 516 2220 eo
544 2147 644 2247 quod
664 2147 782 2222 Serlus
802 2149 949 2246 quidam
970 2147 1154 2220 latrocinia
1182 2171 1366 2238 exer-cens,
1396 2145 1466 2216 illic
1487 2171 1536 2217 re·

471 2265 589 2366 ceptui
606 2289 682 2336 sese
702 2263 869 2336 habebat.
895 2263 1033 2335 Cohors
1051 2288 1137 2362 ergo
1160 2262 1335 2363 oppidum
1353 2277 1533 2363 appetens,

469 2379 625 2454 latrones
640 2381 836 2479 impugnat.
859 2385 931 2452 Nec
948 2395 1086 2452 morata
1105 2379 1141 2451 vi
1159 2381 1271 2478 capit,
1293 2377 1472 2450 comburit
1497 2403 1536 2450 ae

470 2495 619 2570 subruit.
641 2501 832 2568 latronem
847 2496 1048 2594 principem
1060 2496 1372 2596 comprehensum,
1387 2495 1536 2569 dimissis

470 2611 681 2703 minoribus,
694 2612 768 2709 regi
781 2609 937 2684 deducit.
949 2613 1115 2702 Quicum
1125 2613 1224 2710 jussu
1243 2614 1341 2710 regio
1355 2611 1535 2710 gladiatori

470 2729 702 2806 decollandus
719 2728 936 2820 traderetur,
964 2729 1099 2802 Artoldi
1119 2734 1313 2802 Remorum
1334 2727 1537 2828 metropoli·

471 2848 546 2922 tani
559 2848 774 2936 interventu,
788 2847 938 2943 gratiam
950 2846 996 2919 ab
1007 2872 1088 2945 rege
1108 2847 1277 2939 obtinuit,
1298 2873 1340 2920 ac
1362 2872 1438 2920 sese
1455 2847 1539 2920 ulte·

470 2963 545 3034 rius
561 2987 637 3034 non
656 2962 948 3036 latrocinatmum
968 2964 1122 3061 juratus,
1147 2965 1244 3038 abire
1261 2951 1454 3063 permissus
1471 2979 1533 3036 est.

473 3078 535 3148 His
558 3079 607 3149 ita
630 3080 753 3175 gestis,
779 3104 842 3150 rex
866 3080 903 3151 in
929 3095 1047 3179 partes
1071 3081 1215 3179 Belgicus
1244 3082 1334 3153 mari
1357 3081 1538 3177 contiguas

473 3196 662 3286 concessit,
677 3197 852 3296 oppidum
863 3199 901 3268 in
911 3199 1104 3296 ipsomaris
1116 3213 1222 3297 portu
1237 3214 1416 3270 exstruere
1427 3197 1533 3268 nisus.

473 3312 539 3382 Cui
557 3311 664 3383 etiam
681 3311 762 3383 loco
780 3314 892 3384 Guiso
913 3329 966 3385 est
985 3339 1130 3388 nomen.
1152 3319 1399 3413 Exceptusque
1417 3313 1464 3385 ab
1484 3319 1538 3385 Ar

473 3427 573 3499 nulfo
585 3429 741 3526 regionis
754 3429 845 3502 illius
862 3432 1035 3531 principe,
1047 3431 1143 3531 apud
1156 3457 1239 3504 eum
1252 3432 1297 3503 de
1311 3431 1438 3529 oppidi
1450 3455 1540 3502 ereo·

474 3544 571 3617 tione
593 3544 729 3643 agebat.
753 3546 821 3617 Ubi
838 3547 927 3618 dum
948 3548 985 3618 in
1005 3548 1144 3646 agendo
1162 3573 1281 3620 moras
1304 3548 1447 3638 faceret,
1469 3572 1537 3619 cas·

474 3674 569 3731 trum
585 3663 766 3734 Remensis
776 3664 950 3755 aecclesiae,
964 3668 1109 3736 nomine
1121 3669 1339 3754 Causostem,
1356 3687 1459 3734 secus
1477 3661 1535 3732 flu·

474 3776 574 3848 vium
598 3781 797 3852 Matronam
827 3782 934 3853 situm
958 3781 1013 3853 ab·
1037 3781 1184 3853 Artoldo
1213 3780 1360 3880 praesule
1385 3779 1538 3868 editum,

475 3893 679 3966 Heribertus
697 3890 901 3995 proditione
919 3898 1114 3995 ingreditur
1138 3923 1179 3970 ac
1197 3899 1302 3997 capit.
1331 3901 1541 3968 Castrenses

474 4038 545 4111 que
566 4013 755 4105 invadens,
775 4041 902 4087 eorum
919 4017 1076 4115 potiores
1094 4014 1249 4086 abducit.
1280 4017 1374 4085 Rura
1396 4014 1542 4084 circum·

475 4156 617 4228 quaque
642 4131 894 4231 depopulatur,
928 4159 968 4205 ac
997 4131 1197 4230 ingentibus
1224 4131 1351 4230 praedis
1371 4129 1541 4229 oppidum

508 4301 523 4329 ⁵⁵
543 4312 581 4362 at,
599 4316 639 4350 cm
653 4298 757 4349 abscisa.
