3417 5392
485 554 525 613 ts
544 613 566 656 ο
866 547 1030 608 utonem
1056 547 1130 608 LIB.
1156 551 1181 607 i.

485 685 607 770 captos
625 669 746 741 Parisii
758 668 918 766 deponit.
935 673 1008 740 Hos
1021 671 1272 768 percunctnns⁴
1292 671 1544 744 anchristieni'

484 802 618 878 essent,
646 784 785 856 nullum
808 785 952 857 eorum⁴
989 787 1180 882 quicquam
1202 786 1398 883 religionis⁴
1435 789 1551 886 hujus·

485 904 603 976 modi⁴
630 902 801 1001 attigisse⁴
833 903 1017 1000 comperit.
1045 902 1151 973 Misso
1176 903 1294 1000 itaque
1321 903 1386 974 ad*
1418 929 1480 976 eos
1504 905 1552 977 in·

484 1019 688 1092 struendos'
725 1017 921 1089 reverendo
953 1016 1169 1116 presbitero⁴
1200 1033 1235 1090 et
1260 1017 1438 1091 monacho
1468 1023 1553 1092 Mer·

485 1137 598 1225 tino',
618 1135 665 1206 ed
684 1133 792 1205 iidem
819 1133 965 1204 Christi*
990 1133 1151 1204 conversi
1173 1152 1267 1207 sunt.
1289 1136 1378 1224 Qui⁴
1402 1161 1488 1208 vero
1508 1138 1552 1208 ad

483 1251 649 1325 classem*
671 1249 948 1339 redierant,nlii⁴
969 1275 1094 1320 eorum
1112 1249 1309 1342 christiani,
1333 1251 1546 1352 aliipageni⁴

485 1369 621 1440 mixtim
638 1367 774 1438 inventi
792 1380 885 1436 sunt.
914 1369 958 1436 Et
972 1365 1012 1436 hi
1029 1390 1173 1465 quoque
1192 1393 1257 1467 per
1281 1369 1487 1467 predictum
1506 1370 1552 1440 vi-

484 1511 566 1559 rum
585 1483 764 1571 instructi,
784 1482 934 1580 receptis
955 1482 1086 1554 educe
1106 1484 1312 1583 opsidibus²
1338 1510 1430 1583 quos
1450 1484 1553 1556 dede-

485 1618 585 1691 rant,
599 1599 646 1672 ed
663 1598 828 1670 salutaria
843 1614 1063 1671 sacramente
1081 1599 1224 1671 deducti
1242 1615 1335 1671 sunt.

957 1788 1074 1841 XXXII.

534 1923 579 1992 Et
594 1945 678 1991 cum
691 1918 737 1989 de
750 1917 956 2015 baptisterio
970 1933 1143 2013 ageretur,
1166 1919 1317 1990 wittoni
1331 1917 1572 1990 Rhodomen-.

487 2038 580 2108 sium
596 2033 874 2132 metropolitano
885 2032 958 2104 eis’
981 2033 1246 2132 predicendum
1260 2057 1281 2104 a
1293 2033 1384 2105 duce
1396 2035 1554 2105 commit·

487 2153 582 2225 titur.
604 2151 716 2222 witto
732 2173 819 2220 vero
838 2172 913 2218 non
933 2171 970 2218 se
989 2147 1066 2220 solo
1091 2164 1298 2240 contentus,
1324 2149 1475 2220 Heriveo
1495 2154 1554 2222 Re·

487 2267 602 2340 mensi
619 2262 805 2364 epistolam
822 2261 958 2359 dirigit,
985 2288 1050 2361 per
1069 2288 1178 2360 quam
1197 2264 1243 2335 ab
1262 2289 1306 2336 eo
1326 2265 1459 2363 querit,
1481 2292 1552 2364 quo
1587 2275 1593 2284 '

487 2382 626 2471 ordine,
636 2405 708 2479 qua
717 2379 868 2467 ratione,
879 2402 964 2474 gens
977 2393 1059 2449 ante
1069 2378 1206 2477 perfida
1212 2380 1387 2452 AEcclesiae
1393 2383 1553 2454 sotianda

487 2499 542 2570 sit.
560 2497 729 2569 Heriveus
744 2519 832 2565 vero
845 2494 1139 2592 metropolitanus
1157 2496 1267 2568 multe
1284 2497 1464 2594 diligentia
1480 2499 1553 2572 haec

489 2613 678 2713 disponere
690 2611 848 2709 cupiens,
859 2624 1079 2681 conventum
1093 2613 1343 2711 episcoporum
1353 2613 1428 2686 fieri
1437 2614 1551 2712 jubet,

489 2745 530 2801 ut
541 2729 736 2802 multorum
750 2725 945 2798 redonibus
958 2751 1014 2798 res
1025 2726 1155 2801 idonee
1166 2729 1443 2804 distribueretur.

952 2899 1083 2952 XXXIII.

540 3038 584 3105 Et
600 3032 659 3104 die
678 3029 885 3118 constitute,
913 3027 1059 3098 sinodus
1076 3025 1197 3100 habita
1222 3044 1286 3100 est.
1327 3035 1367 3102 In
1391 3056 1462 3129 qua
1490 3034 1556 3129 pri·

492 3174 593 3221 mum
599 3148 648 3220 de
658 3170 746 3246 peoe
755 3160 792 3216 et
798 3143 967 3240 religione
980 3159 1107 3215 senctae
1118 3146 1183 3216 Dei
1192 3145 1379 3237 AEcclesiae,
1394 3162 1555 3245 stumque

492 3266 591 3362 regni
607 3269 823 3335 Francorum
841 3258 1025 3330 salubriter
1043 3284 1084 3331 ac
1105 3247 1347 3361 competenter
1369 3279 1555 3336 tractatum

492 3395 562 3470 est3
583 3393 666 3478 post
676 3400 762 3447 vero
782 3374 828 3446 de
841 3375 1035 3472 piratarum
1056 3375 1272 3472 mitigatione
1290 3393 1395 3477 atque
1413 3404 1556 3451 conver·

492 3497 592 3568 sione
605 3493 784 3565 uberrime
801 3489 980 3588 agitamm.
998 3495 1188 3562 Decretum
1204 3519 1347 3592 quoque
1365 3494 1411 3566 de
1428 3496 1555 3568 eodem

493 3611 540 3683 ab
562 3611 639 3709 ipsa
652 3606 842 3680 Divinitate
867 3606 1041 3678 rationem
1058 3609 1303 3705 quaerendam,
1322 3611 1555 3708 jejunandum

493 3727 600 3799 etiam
617 3724 664 3796 ab
684 3721 851 3795 omnibus
873 3721 1004 3794 triduo.
1028 3727 1173 3796 Domno
1198 3751 1286 3821 vero
1305 3753 1406 3826 papae
1428 3728 1465 3799 id
1483 3755 1556 3802 esse

493 3839 770 3940 suggerendum,
792 3854 832 3910 ut
848 3839 1012 3910 invocata
1025 3863 1089 3937 per
1103 3839 1277 3936 jejunium
1295 3843 1504 3934 Divinitete,
1523 3859 1557 3916 et

530 4019 539 4049 ¹
559 4015 708 4080 t,n,e,I,
723 4015 802 4085 Μ,
818 4033 849 4079 u,
867 4013 900 4077 d,
920 4015 1044 4085 presbite,
1065 4014 1109 4078 Μ,
1129 4015 1228 4082 Christ,
1245 4017 1284 4084 Q,
1306 4037 1372 4084 sem,
1394 4039 1423 4084 a,
1441 4021 1464 4086 i,
1482 4021 1509 4072 ni
1527 4041 1556 4073 er

493 4090 640 4158 conjectum.
661 4125 666 4132 .

528 4171 540 4203 '
552 4167 697 4240 hospitibus
709 4169 734 4217 t.

528 4255 539 4285 ⁸
556 4271 608 4303 vox
619 4250 729 4303 obscum.
