3417 5392
440 474 499 537 ΜΟ
799 463 969 530 fflOEERI
993 464 1066 525 trs.
1091 464 1142 524 11:

442 635 460 673 α
477 618 593 677 rectus
604 602 668 693 sit,
689 597 1058 697 jussusqueadomini
1075 597 1130 669 sui
1140 596 1370 669 insectatione
1391 598 1508 695 quies·

443 752 463 788 tt·
477 744 568 793 cere.
589 748 606 786 tt

594 940 704 993 LXXV.
716 935 931 1008 -Responsi0*
946 934 1067 988 Marini*
1078 933 1239 1007 legatipro*
1249 932 1352 987 eodem.

492 1103 666 1203 Atquehis
678 1102 832 1174 domnus
838 1099 996 1171 Marinus
1006 1096 1202 1195 subjunxit:
1220 1128 1237 1167 u
1250 1099 1507 1189 Reminiscorp»

443 1224 626 1321 inquiens,
654 1250 672 1287 u
696 1219 873 1290 domnum
893 1240 1024 1316 papam
1043 1230 1126 1287 ante
1145 1214 1243 1287 hunc
1271 1240 1407 1287 annum
1427 1240 1511 1287 ana·

446 1370 465 1407 u
487 1340 607 1411 thema
617 1337 653 1407 in
666 1358 746 1407 reos
763 1334 898 1404 misisse
922 1332 984 1429 qui
1004 1330 1103 1403 hunc
1124 1331 1313 1403 dominum
1334 1347 1370 1405 et
1390 1358 1511 1431 regem

447 1490 465 1531 a
487 1466 704 1532 Francorum
715 1453 995 1543 insectabantur;
1020 1453 1205 1552 epistolam
1222 1478 1369 1551 quoque
1388 1480 1511 1529 suaso·

447 1612 466 1652 u
486 1584 576 1655 nam
588 1578 683 1653 utab
695 1602 738 1651 eo
757 1602 831 1649 non
845 1575 1029 1666 deficiant,
1055 1576 1161 1649 bonis
1181 1576 1396 1673 quibuslibet
1415 1576 1512 1650 dele·

448 1735 466 1773 a
489 1719 618 1803 gatam,
634 1717 740 1799 atque
757 1700 1050 1796 conquestionem
1062 1697 1108 1771 de
1125 1699 1252 1771 eadem
1265 1724 1303 1771 re
1317 1698 1440 1771 litteris
1456 1723 1513 1773 ex·

450 1848 469 1888 ιι
489 1842 666 1918 pressam,
702 1816 744 1887 iis
775 1814 904 1912 quibus
934 1815 1053 1885 sanior
1076 1839 1177 1886 mens
1214 1830 1288 1886 erat
1318 1814 1514 1911 delegatam

452 1966 469 2003 α
491 1936 608 2006 fuisse.
631 1931 734 2004 Unde
752 1946 787 2003 et
800 1933 930 2029 opinor
943 1928 1133 2027 justissime
1146 1928 1388 2021 dictum,cum
1399 1945 1516 2003 antea

453 2082 470 2118 u
487 2074 579 2150 papa
596 2062 742 2120 vocatus
758 2063 864 2145 atque
880 2062 1060 2118 correctus
1072 2046 1135 2137 sit,
1155 2071 1251 2118 nunc
1267 2071 1413 2143 quoque
1432 2046 1517 2118 cari·

452 2197 470 2235 «
491 2167 571 2239 tatis
582 2164 691 2262 gratia
710 2162 931 2235 revocandus
951 2177 1016 2251 est,
1030 2177 1066 2233 et
1078 2160 1341 2258 diligentissima
1354 2162 1517 2234 suasione

454 2312 472 2349 «
495 2296 534 2352 ut
551 2278 686 2351 amalis
705 2279 863 2376 quiescat
875 2278 1176 2370 commonenduS,
1197 2295 1232 2352 et
1254 2294 1336 2377 post
1356 2279 1517 2350 omnium

455 2426 473 2467 ι(
496 2396 719 2468 anathemate
743 2390 1011 2492 dampnandus3
1028 2410 1063 2465 et
1074 2418 1147 2465 non
1166 2393 1283 2475 scium
1298 2394 1374 2484 ille,
1393 2419 1518 2465 verum

456 2544 474 2581 κ
496 2511 695 2609 omnesqui
706 2512 738 2591 ei
750 2511 787 2581 in
802 2509 903 2580 malis
916 2508 1031 2582 favere
1045 2509 1244 2608 faventque.
1261 2510 1332 2582 Sed
1351 2509 1444 2582 hane
1463 2534 1520 2581 so-

456 2660 474 2697 α
496 2630 571 2701 lum
589 2653 611 2700 a
630 2626 733 2700 nobis
755 2624 905 2725 accipiet
927 2651 1045 2725 opem.
1074 2626 1255 2725 Numquid
1282 2653 1368 2699 vero
1384 2627 1431 2700 ab
1449 2626 1519 2700 alio

458 2776 475 2813 n
497 2747 687 2843 quicquam
698 2743 777 2842 opis
794 2743 964 2840 accipiet?
983 2742 1067 2838 Ejus
1078 2744 1287 2840 conquestio
1297 2744 1335 2814 in
1352 2768 1417 2815 sua
1427 2742 1521 2815 clau·

458 2898 477 2936 a
498 2867 593 2957 sula,
614 2890 721 2965 opem
732 2865 895 2937 omnium
908 2864 1073 2963 postulat.
1100 2863 1171 2936 Sed
1187 2862 1364 2936 sianobis
1387 2866 1420 2936 ei
1441 2890 1521 2937 suc·

460 3018 479 3057 α
500 2988 664 3077 curritur,
690 3010 711 3057 a
731 2986 868 3057 domno
881 2990 1015 3058 Ottone
1028 3002 1109 3082 rege
1119 2985 1207 3083 quid
1223 2986 1392 3085 accipiet?
1404 2988 1450 3057 Et
1459 2984 1521 3058 de·

461 3138 479 3175 u
500 3106 642 3179 crotalia
664 3120 784 3178 sancta
809 3105 1028 3197 acclamant,
1061 3122 1251 3205 postquam
1273 3106 1419 3178 tirannis
1441 3130 1523 3211 ana·

460 3255 480 3293 «.
501 3224 622 3296 thema
645 3222 908 3322 dampnationis
938 3221 983 3294 ab
1009 3223 1183 3322 episcopis
1205 3224 1373 3319 injectum
1401 3238 1477 3311 est,
1502 3249 1523 3295 a

462 3370 480 3408 α
494 3338 607 3411 bonis
618 3362 762 3436 quoque
774 3338 978 3436 potentibus
989 3340 1062 3410 vim
1072 3339 1306 3432 inferendam,
1321 3356 1360 3423 ut
1370 3341 1400 3412 si
1409 3340 1524 3413 aeccle-

461 3486 481 3524 «
502 3455 648 3527 siasticis
681 3454 960 3539 correctionibus
982 3455 1029 3526 ad
1057 3481 1221 3527 normam
1241 3457 1356 3529 redire
1378 3458 1519 3547 nolunt,

464 3600 482 3637 u
504 3570 627 3641 saltem
639 3570 840 3668 potentium
852 3570 1054 3644 vehementi
1067 3572 1233 3645 violentia
1254 3573 1300 3644 ad
1325 3573 1462 3645 bonum
1475 3598 1523 3647 re·

464 3716 483 3753 a
504 3685 581 3758 dire
592 3702 776 3783 cogantur,
802 3700 840 3757 ut
857 3687 914 3758 vel
933 3688 1051 3784 invitis
1069 3688 1166 3760 bona
1184 3704 1402 3788 praestentur.
1423 3718 1441 3757 n

496 3948 514 3982 '⁶
531 3948 596 4015 Rea,
609 3948 669 4015 Ma,
683 3968 733 4021 pro
743 3968 776 4004 eo
789 3950 893 4036 abscisa.
