3417 5392
485 545 525 604 98
859 536 1021 596 lllCllERl
1046 535 1118 598 Ltss.
1144 535 1169 592 l.

486 673 614 747 tentes,
636 659 693 731 alii
713 684 787 730 sese
806 657 969 728 fluctibus
994 657 1194 752 inmergunt
1210 679 1250 726 ac
1267 673 1470 746 enecantur,
1487 657 1537 728 alii

484 791 664 846 enatantes
687 775 732 846 ab
754 773 1039 846 observatoribus
1060 772 1207 869 jugulati
1232 788 1333 863 sunt,
1361 775 1418 845 alii
1436 775 1538 847 nimia

484 890 671 962 formidine
682 892 763 961 tacti
776 891 852 962 telis
865 889 1016 987 propriis
1027 912 1102 959 sese
1117 904 1298 986 appetunt.
1324 893 1366 960 Et
1379 892 1446 980 sic,
1468 891 1537 960 0'm·

483 1005 586 1076 nibus
612 1005 785 1104 ademptis
813 1003 1001 1104 praedaque
1029 1003 1165 1101 dire'pta
1189 1029 1262 1074 non
1293 1003 1448 1092 modica,
1483 1030 1537 1075 rer

484 1121 667 1192 Belvacum
680 1120 798 1207 rediit,
815 1119 933 1218 ibique
943 1118 1081 1212 resedit.

755 2079 800 2128 Ll.
812 2079 924 2130 —Item
936 2078 1100 2148 piratarum*
1114 2079 1260 2131 interitus*.

526 2223 612 2295 lnde
631 2224 752 2296 audito
772 2222 1049 2295 atrabatensium
1078 2225 1255 2320 regionem
1277 2249 1297 2295 a
1320 2225 1439 2322 piratis
1461 2225 1533 2297 aliis

478 2342 607 2430 vexari,
621 2354 802 2436 assumpto
816 2340 969 2411 exercitu
981 2339 1026 2410 ab
1045 2339 1101 2410 his
1120 2343 1181 2437 qui
1200 2340 1278 2415 loca
1294 2341 1468 2411 maritima
1487 2343 1533 2412 in-

478 2456 653 2547 colebant,
680 2457 884 2554 repentinus
904 2456 941 2526 in
964 2480 1025 2528 eos
1044 2456 1165 2528 fertur.
1194 2459 1314 2529 Piratae
1338 2457 1534 2528 comminus

478 2572 645 2669 congredi
662 2597 737 2642 non
751 2571 979 2662 ferentes„ab'
992 2574 1143 2643 exercitu
1164 2573 1288 2645 cedere
1308 2575 1420 2644 coacti
1440 2589 1531 2662 sunt,

478 2714 519 2760 ac
541 2690 722 2778 coarctati,
743 2687 832 2759 saltu
851 2688 1008 2785 quodam
1025 2691 1133 2760 vitam
1153 2691 1243 2760 tueri
1260 2688 1474 2761 nitebantur.
1497 2696 1536 2762 tt

478 2806 648 2878 exercitus
674 2807 947 2901 circumquaque
970 2831 1031 2877 eos
1057 2805 1234 2895 obsidens,
1265 2806 1355 2877 adeo
1377 2807 1532 2904 urgebat.

479 2920 532 2991 llli
543 2945 629 2992 vero
643 2936 752 2991 noctu
769 2921 954 3018 eruptione
965 2921 1070 3011 facta,
1087 2923 1123 2992 in
1136 2937 1247 2993 castra
1262 2921 1351 3018 regis
1363 2922 1533 2992 ferunttn.

480 3041 524 3107 Et
544 3035 828 3108 circumvallante
847 3037 999 3108 exercitu
1023 3037 1163 3136 penitus
1191 3037 1327 3128 inclusi,
1352 3039 1537 3110 miserabili

479 3153 627 3223 fortunae
638 3151 869 3224 succubuere:
880 3169 961 3226 octo
973 3177 1127 3252 namque
1138 3179 1262 3227 eorum
1273 3154 1387 3244 milia,
1400 3155 1451 3224 ibi
1464 3180 1538 3226 cesa

481 3268 689 3340 reseruntur.
711 3273 792 3356 Quo
805 3269 959 3341 tumultu
969 3296 1029 3342 rex
1040 3272 1130 3343 inter
1139 3271 1330 3343 humeros⁴
1350 3271 1536 3356 sauciatus,
1659 3269 1660 3354 ζ

482 3385 720 3481 Hildegaudus
738 3411 841 3475 vero,
862 3386 1041 3458 clarissimi
1055 3389 1190 3484 generis
1206 3411 1341 3476 comm,
1357 3388 1540 3484 interemp
1659 3379 1660 3440 l

483 3517 539 3573 tus
547 3516 617 3590 est,
633 3501 760 3598 aliique
774 3502 935 3573 nonnulli
947 3528 1011 3574 nec
1025 3519 1142 3574 tamen
1157 3503 1275 3600 aliquo
1289 3503 1435 3574 nomine
1443 3503 1537 3574 clari.

485 3623 556 3690 ilex
571 3620 718 3690 victoria
735 3619 884 3717 potitus,
903 3619 1113 3691 Laudunum
1131 3619 1244 3691 rediit.

520 3810 534 3841 ²*
554 3807 609 3868 ira,
621 3805 674 3857 inte
685 3824 714 3855 ex
727 3809 828 3875 conject.
879 3868 883 3878 ι

522 3893 529 3922 ’
549 3909 594 3942 rex
609 3909 624 3940 a
636 3902 708 3959 tergo
719 3890 845 3942 sauciatus
860 3893 883 3940 l.
