3417 5392
464 505 523 562 tre
685 453 690 460 ’
835 496 1000 558 arenant
1023 495 1095 558 trs.
1120 495 1192 578 u„

504 1055 618 1110 XXXV.
630 1081 666 1098 -
677 1058 734 1108 Rex
745 1075 760 1107 a
772 1057 824 1108 suis
836 1053 988 1108 liodomum
999 1055 1148 1120 accersitur,
1161 1071 1192 1108 ac
1204 1071 1265 1107 eum
1276 1053 1366 1125 piratis
1378 1053 1497 1107 dimicat.

513 1217 583 1305 Qui
603 1229 722 1286 autem
740 1214 830 1310 regis
849 1227 966 1310 partes
987 1211 1193 1300 tuebantur,
1217 1235 1283 1310 per
1298 1210 1430 1306 legatos
1450 1234 1532 1280 eum

464 1333 696 1420 accersitum,
722 1329 877 1401 Rodomi
892 1328 1058 1400 decenter
1075 1328 1281 1426 suscipiunt.
1309 1326 1376 1397 Ubi
1393 1351 1479 1397 cum
1500 1327 1533 1397 ei

465 1450 664 1537 referretur,
681 1471 800 1543 regem
814 1447 1007 1543 piratarum
1020 1444 1157 1516 Setrieh
1170 1469 1253 1516 cum
1265 1443 1375 1516 classe
1388 1443 1533 1541 copiosa

466 1566 614 1638 fluvium
627 1567 827 1660 Sequanam
840 1563 1056 1659 ingressum,
1075 1587 1116 1634 ac
1130 1562 1206 1658 ejus
1219 1560 1348 1632 ducem
1359 1560 1532 1630 Thurmo-

466 1682 553 1753 dum
591 1693 848 1776 consequenter
882 1677 1065 1749 navalibus
1102 1677 1214 1775 copiis
1252 1675 1456 1766 advenisse,
1495 1692 1534 1747 ut

464 1798 598 1896 absque
620 1797 712 1893 regis
735 1795 833 1866 dono
853 1795 976 1867 omnia
999 1792 1217 1892 pervadant,
1244 1808 1350 1889 atque
1375 1790 1532 1864 defuncti

466 1915 566 1988 ducis
588 1913 701 1986 filium
723 1911 768 1983 ad
787 1910 987 1983 idolatriam
1011 1909 1202 2000 suadeant,
1226 1909 1404 2006 ritumque
1424 1911 1533 2006 genti·

465 2030 537 2103 lem
559 2029 749 2119 inducant,
778 2053 840 2099 rex
863 2028 984 2126 copias
1000 2024 1097 2097 unde
1114 2025 1362 2122 congrediatur
1384 2025 1527 2122 colligit.

465 2151 652 2243 Deumque
683 2144 957 2242 propitiaturum
995 2139 1173 2230 confisus,
1210 2141 1413 2237 alienigenis
1448 2165 1554 2210 cum*

465 2263 537 2335 800
562 2261 727 2332 occurrit.
764 2263 809 2331 Et
830 2258 914 2355 quia
945 2281 1027 2329 eum
1055 2257 1177 2355 paucis
1197 2272 1296 2346 erat,
1334 2256 1381 2328 ad
1411 2256 1532 2328 hostes

465 2374 734 2448 concludendos
745 2375 837 2445 acies
851 2375 888 2444 in
902 2368 1040 2446 diversa
1052 2374 1242 2472 disponere
1262 2374 1432 2470 nequivit.
1454 2374 1532 2446 Suis

463 2493 582 2589 itaque
600 2492 765 2588 stipatus,
787 2491 911 2562 erectis
924 2491 1031 2588 signis
1050 2515 1092 2562 ac
1112 2490 1260 2562 densato
1278 2491 1436 2588 agmine,
1451 2515 1532 2588 pro·

463 2609 569 2680 cedit.
599 2607 755 2679 Gentiles
785 2632 930 2704 quoque
963 2606 1089 2678 ordine
1119 2607 1274 2705 pedestri
1303 2606 1526 2679 incedebant.

463 2725 827 2821 Propinquantesque,
839 2723 954 2822 patrio
965 2747 1078 2812 more,
1089 2725 1126 2794 in
1137 2724 1254 2823 primo
1265 2723 1417 2796 tumultu
1430 2748 1530 2794 enses

459 2841 614 2937 jaciunt,
629 2862 784 2936 quorum
802 2838 974 2911 densitate
992 2839 1127 2936 equites
1140 2841 1279 2912 territos
1299 2864 1340 2910 ac
1357 2841 1530 2912 sauciatos

464 2955 550 3044 rati,
574 2979 658 3026 cum
677 2954 797 3052 clipeis
811 2969 846 3026 et
867 2954 942 3026 telis
964 2971 1210 3052 prosecuntur.
1235 2961 1278 3027 lt
1298 2957 1414 3053 regius
1433 2956 1529 3053 equi·

463 3087 574 3162 tatus,
587 3071 726 3142 ensium
738 3069 834 3142 nube
855 3068 1008 3167 dilapsa,
1030 3070 1226 3168 clipeorum
1244 3071 1446 3167 objectione
1465 3075 1529 3143 tuti

462 3185 499 3255 in
515 3184 652 3283 pedites
672 3185 843 3274 feruntur,
865 3209 908 3256 ac
919 3184 1077 3256 densati⁴
1103 3187 1195 3258 acies
1212 3188 1403 3260 sternendo
1422 3203 1528 3286 atque

461 3300 700 3373 interimendo
723 3300 863 3372 indivisi
890 3316 1077 3399 penetrant
1103 3304 1426 3402 egrediunturque,
1452 3330 1527 3376 nir

442 3430 446 3436 ’
462 3442 591 3515 susque
604 3418 752 3514 regressi
768 3432 972 3516 penetrant,
993 3441 1034 3488 ac
1045 3417 1282 3518 disrumpunt.
1298 3424 1430 3518 Regem
1442 3447 1527 3519 quo

461 3558 531 3630 que
555 3532 691 3605 Setrieh
714 3557 797 3603 cum
820 3531 988 3604 violentia
1007 3532 1092 3605 belli
1110 3535 1147 3606 in
1167 3535 1285 3632 fugam
1304 3553 1469 3634 cogeret,
1489 3539 1525 3608 in

461 3646 607 3718 dumeto
638 3672 723 3718 mox
754 3663 937 3746 repertus,
975 3649 1085 3722 tribus
1115 3650 1245 3724 lanceis
1275 3676 1297 3723 a
1326 3653 1525 3751 palantibus

461 3762 648 3835 transfixus
674 3779 737 3836 est.
767 3764 992 3837 Thurmodus
1011 3791 1096 3838 vero
1115 3791 1197 3838 oum
1215 3768 1332 3840 adhuc
1354 3769 1524 3842 incerta·

461 3881 557 3952 mine
574 3881 657 3951 totis
680 3880 812 3952 viribus
835 3896 1012 3978 ageretur,
1042 3881 1088 3953 ab
1106 3882 1286 3955 Ludovico
1309 3886 1393 3982 equi
1417 3886 1524 3984 impe

460 3997 565 4068 tentis
595 4013 738 4095 pectore
763 4013 816 4070 est
840 3997 1008 4094 dejectus.
1042 4003 1157 4086 Quem
1188 4026 1270 4072 cum
1297 4025 1358 4073 rex
1389 3997 1521 4100 impetu

494 4211 502 4240 ¹
522 4211 670 4281 conglobati
684 4215 708 4263 l.
