3417 5392
458 481 496 539 rt
831 473 996 534 arcusstu
1020 474 1093 537 trs.
1120 474 1143 530 Ι.

457 603 532 675 haec
553 602 736 702 provincia
760 603 792 672 ei
814 601 1053 686 conferretur,
1077 601 1123 670 itu
1144 614 1260 670 tamen
1289 618 1339 691 ut,
1364 603 1523 674 idolatria

458 733 600 832 penitus
616 729 749 819 relicta,
775 729 973 800 christianae
993 728 1152 824 religioni
1176 753 1214 798 se
1231 727 1381 802 fideliter
1398 733 1527 802 manci·

457 875 570 958 paret,
591 879 732 930 necnon
751 869 787 925 et
804 853 945 950 regibus
958 849 1149 924 Galliarum
1165 873 1258 928 terra
1269 861 1429 956 marique
1443 857 1527 932 fide·

459 988 538 1058 liter
551 984 726 1064 militaret.
739 982 851 1076 Hujus
862 981 1052 1079 provinciae
1065 982 1285 1080 metropolis,
1300 983 1528 1060 Rhodomum

457 1139 536 1188 esse
549 1113 756 1199 dinoscitur,
773 1135 834 1180 sex
851 1123 991 1180 tanturn
1009 1107 1174 1199 urbibus,
1195 1112 1330 1206 Bajocis
1347 1113 1527 1207 videlicet,

461 1232 687 1318 abrincantO,
716 1225 875 1316 Ebrocis,
897 1227 1012 1324 Sagio,
1040 1227 1264 1318 Constantiae,
1299 1229 1437 1319 Liscio,
1459 1231 1529 1302 virn

460 1388 533 1434 suae
550 1358 805 1436 dominationis
823 1355 1023 1427 intendens.
1046 1359 1144 1436 Hanc
1158 1355 1275 1454 itaque
1289 1383 1332 1428 ex
1345 1361 1492 1456 antiquo
1511 1386 1531 1432 a

462 1493 584 1592 piratis
595 1511 794 1588 possessam
804 1509 881 1557 esse
895 1483 1118 1556 manifestum
1130 1499 1195 1556 est.
1209 1484 1278 1556 Sed
1288 1501 1436 1586 paterna
1443 1502 1532 1560 tunc

459 1621 582 1694 sevitia
599 1618 716 1706 ducti,
737 1618 774 1687 in
793 1616 970 1714 principes
983 1613 1194 1686 dissidentes
1207 1615 1323 1688 moliri
1341 1633 1529 1691 conantur.

462 1747 565 1846 Unde
590 1763 625 1818 et
641 1745 833 1818 latrociniis
853 1770 895 1816 ac
913 1741 1191 1816 discursionibus
1216 1747 1449 1820 Brittanniam
1472 1749 1535 1820 rni-

463 1871 606 1966 norem,
626 1901 707 1974 quae
724 1857 777 1946 est
793 1873 914 1944 Galliae
927 1873 1094 1968 contigua
1111 1887 1217 1969 atque
1235 1873 1407 1964 militam,
1432 1875 1535 1948 inies·

465 2026 539 2081 tare
556 2004 826 2104 aggrediuntur,
846 2003 968 2099 reique
986 2002 1210 2074 occasionem
1228 2005 1335 2090 nacti,
1351 2003 1461 2076 fidem
1477 2031 1537 2103 pe·

465 2140 560 2211 nitus
583 2137 818 2233 abrumpunt,
848 2132 1064 2228 ulteriusque
1087 2129 1287 2228 procedunt
1309 2133 1347 2202 in
1369 2133 1534 2224 Galliam,

466 2295 508 2341 ac
527 2269 803 2361 circumquaque
814 2259 985 2360 palantes,
1000 2257 1105 2354 longe
1118 2257 1258 2355 lateque
1268 2259 1534 2352 diffirnduntur3

467 2397 690 2482 feminarum,
706 2415 914 2490 puerorum,
930 2387 1122 2488 pecudum,
1136 2405 1404 2488 ceterarumque
1418 2419 1537 2466 rerum

468 2551 543 2598 non
566 2523 745 2596 modicam
768 2519 926 2618 praedam
947 2517 1173 2590 abducentes.
1201 2523 1430 2620 Recipiuntur
1452 2549 1537 2596 vero

469 2655 630 2728 cumbis
659 2650 827 2724 omnibus
850 2673 951 2720 secus
975 2649 1174 2745 Sequanam
1203 2649 1284 2722 loco
1308 2653 1368 2748 qui
1395 2653 1538 2725 Givoldi

469 2783 563 2856 fossa
575 2795 811 2879 nuncupatur.
829 2783 878 2849 Ac
896 2777 992 2850 idern
1010 2779 1126 2877 sepius
1144 2780 1312 2877 aggressi,
1328 2781 1450 2855 Galliae
1468 2785 1540 2856 Cel·

471 2910 547 2982 ticoe
563 2925 714 3009 partem,
733 2933 812 3004 quae
829 2911 1000 3004 Sequanae
1013 2908 1197 3006 Ligeriqne
1210 2911 1325 2982 fluviis
1342 2913 1536 3010 interjacet,

470 3067 549 3138 quae
560 3056 595 3113 et
606 3040 765 3112 Neustria
777 3017 1015 3136 nuncupetur,
1032 3052 1143 3109 totam
1158 3065 1250 3137 pene
1266 3043 1425 3114 insectati
1441 3061 1536 3116 sunt.

471 3175 602 3271 Hisque
614 3171 734 3244 animo
746 3169 871 3257 inerat,
887 3167 1072 3239 interiores
1083 3167 1276 3242 Galliarum
1287 3187 1404 3269 partes
1417 3172 1540 3246 irrum-

469 3328 571 3404 pere,
593 3321 786 3396 earumque
805 3311 926 3394 gentes
943 3311 1004 3368 aut
1028 3321 1048 3366 a
1075 3296 1204 3368 furibus
1221 3297 1365 3401 pellere,
1386 3315 1448 3374 aut
1466 3329 1541 3402 gna-

374 3479 380 3491 ,
469 3431 619 3503 cissimis
636 3427 847 3500 substituere
862 3425 1012 3497 tributis.
1036 3426 1074 3496 ld
1093 3427 1199 3498 etiarn
1217 3443 1299 3500 ante
1321 3429 1415 3520 fieri,
1432 3455 1539 3528 quarn

471 3562 508 3631 in
533 3581 748 3631 consensum
775 3555 953 3654 principes
980 3569 1241 3644 revocarentur,
1283 3557 1537 3650 accelerabant,

471 3687 676 3786 hujusmodi
687 3684 905 3774 dissidentia,
920 3683 1286 3784 pecuniasGalliarum
1298 3711 1373 3758 sese
1384 3705 1541 3787 asporta·

472 3837 582 3909 turos,
599 3819 788 3890 'certissime
799 3817 877 3887 rati.
894 3819 1057 3903 Quorum
1069 3815 1234 3912 impetus,
1243 3813 1368 3887 Catillo
1380 3817 1539 3916 principe

473 3947 660 4020 ferebatur.
687 3944 865 4044 Principes
878 3959 975 4015 tanta
992 3941 1226 4016 barbarorum
1248 3945 1441 4042 ignominia
1454 3971 1539 4017 con·

475 4078 572 4167 fecti,
587 4076 633 4148 de
644 4099 731 4174 pace
743 4073 910 4145 habenda
926 4099 990 4172 per
1001 4074 1134 4171 legatos
1146 4077 1237 4148 inter
1250 4099 1326 4146 sese
1343 4075 1537 4147 admodum

471 4222 644 4303 quaerunt.
674 4209 744 4275 Nec
771 4204 832 4274 diu
863 4205 1007 4294 morati,
1044 4203 1123 4300 jure
1152 4204 1334 4294 obsidum,
1363 4207 1397 4276 in
1427 4231 1537 4276 unum
