3417 5392
466 541 507 596 aa
612 503 617 514 '
844 533 1012 598 meram
1033 533 1110 596 xrs.
1137 535 1161 592 1.

464 672 648 754 cogantur.
677 660 720 727 Et
745 680 811 754 pro
834 655 968 725 itineris
989 655 1192 742 securitate,
1207 654 1235 723 si
1248 653 1314 724 sibi
1325 653 1482 752 placeat,
1497 655 1540 726 ab

464 775 547 874 ipsis
572 772 694 868 legatis
716 771 946 868 jurisjurandi
977 769 1086 841 fidem
1117 770 1276 867 accipiat.
1311 759 1384 841 Rex'
1411 770 1540 841 borum

465 890 651 979 credulus,
674 889 720 960 ab
740 889 861 984 legatis
870 887 1121 984 jusjurandum
1139 908 1206 984 pro
1225 885 1297 957 lide
1315 889 1470 984 accepit,
1485 913 1537 976 ac,

465 1010 542 1078 sine
556 1032 703 1078 suorum
715 1004 990 1104 deliberatione,
1012 1003 1186 1102 proditori
1199 1002 1368 1075 obvenire
1389 1029 1462 1075 non
1475 1005 1541 1078 dis·

423 1115 427 1122 ’
464 1124 555 1195 tulit.
581 1129 625 1195 Et
641 1122 805 1220 proditor
824 1121 929 1194 dolos
940 1120 1186 1210 dissimulans,
1209 1145 1291 1191 cum
1310 1122 1433 1218 paucis
1444 1146 1539 1218 reque

464 1238 621 1311 obvenit.
652 1239 821 1338 Datisque
845 1238 975 1310 osculis
997 1237 1152 1337 excepti,
1183 1237 1413 1309 familiaribus
1432 1239 1539 1310 collo·

465 1355 557 1454 quiis
583 1357 684 1426 cousi
713 1371 806 1426 sunt.
839 1359 882 1425 Et
910 1356 1002 1425 inter
1030 1353 1258 1451 loquendum.
1281 1353 1467 1424 cohortem
1491 1379 1539 1426 ar·

467 1491 645 1546 matorum
671 1473 716 1545 ab
738 1472 867 1544 abditis
887 1487 1031 1560 evocat,
1058 1472 1201 1568 regique
1222 1471 1366 1540 incauto
1389 1470 1534 1542 inducit.

466 1594 537 1677 Qui
559 1590 778 1662 multitudini
801 1590 904 1660 reniti
928 1614 1002 1659 non
1026 1587 1163 1674 valens,
1197 1612 1218 1658 a
1248 1587 1396 1658 cohorte
1418 1604 1538 1686 captus

464 1724 535 1797 est3
562 1707 738 1804 aliquibus
761 1732 845 1777 cum
865 1731 908 1777 eo
931 1707 1059 1804 captis,
1086 1703 1297 1803 quibusdam
1311 1703 1416 1774 etiam
1435 1704 1538 1773 inter·
1586 1703 1589 1711 ‘

469 1825 617 1922 emptis,
638 1823 781 1922 reliquis
797 1848 942 1922 quoque
961 1822 1098 1919 fugatis.
1121 1825 1328 1916 Ductusque
1349 1825 1534 1908 Peronam,

460 1939 627 2010 carcerali
647 1939 815 2011 custodiae
838 1938 1039 2037 deputatur.
1071 1937 1261 2026 Germani,
1287 1960 1369 2032 rege
1388 1937 1533 2024 amisse,

464 2055 501 2124 in
525 2055 672 2128 deversa
700 2056 872 2127 feruntur.
910 2059 1075 2141 Quorum
1098 2052 1156 2124 alii
1184 2053 1230 2125 de
1257 2052 1372 2124 reditu
1403 2052 1537 2125 domini

465 2168 669 2262 elaborant,
702 2172 760 2244 alii
789 2197 875 2243 vero
900 2197 919 2242 a
943 2196 1005 2268 spe
1033 2170 1178 2265 dejecti,
1212 2170 1363 2242 Rodulfo
1389 2171 1463 2267 regi
1493 2171 1510 2240 s
1523 2214 1536 2227 ·

464 2302 567 2377 vent,
606 2312 673 2359 nec
695 2303 816 2359 tamen
848 2289 885 2357 in
918 2287 993 2383 ejus
1023 2287 1130 2359 fidem
1157 2289 1298 2386 penitus
1321 2287 1532 2360 concedunt.

464 2407 628 2489 Quorum
660 2405 796 2502 priores
823 2404 1083 2502 exspectatione
1109 2404 1245 2477 diutina
1271 2404 1408 2476 domini
1439 2405 1536 2476 liber·

463 2535 572 2591 tatem
607 2522 827 2618 operientes,
867 2520 1093 2592 Heribertum
1119 2521 1340 2619 proditorem
1375 2521 1420 2591 de
1457 2521 1534 2593 fidei

357 2726 366 2745 ι
465 2637 656 2718 violatione
679 2663 762 2735 sepe
780 2653 1044 2727 convenerunt,
1067 2663 1107 2708 ac
1130 2637 1214 2708 inde
1236 2639 1430 2735 plurimum
1443 2641 1535 2737 apud

466 2752 558 2823 male
578 2755 741 2824 conscios
763 2755 950 2851 conquesti
973 2769 1066 2825 sunt.
1090 2755 1227 2841 Quibus
1238 2755 1451 2852 persuadere
1464 2781 1533 2827 non

464 2868 642 2959 valentes,
673 2869 718 2941 de
738 2871 883 2968 perjurii
904 2886 1002 2941 reatu
1023 2868 1110 2941 nibil
1132 2871 1273 2941 ruboris
1296 2872 1530 2962 incusserunt,

464 3008 549 3055 cum
570 2987 620 3057 ira
641 2987 707 3056 Dei
730 2987 780 3057 eis
800 2988 1012 3057 immineret.

587 3195 704 3247 XLVIII
716 3227 752 3236 -
764 3197 896 3249 Exactio*
910 3198 1027 3267 pecunia
1036 3199 1052 3232 l
1064 3199 1198 3269 publica*
1212 3199 1301 3269 piratis
1312 3198 1416 3251 dandae.

515 3345 595 3412 llaec
621 3341 709 3413 dum
734 3359 940 3439 agerentur,
971 3345 1127 3442 pyratae'
1158 3343 1287 3415 Gallias
1310 3335 1530 3443 irruperunt,

464 3457 645 3552 pecudum
670 3475 987 3557 armentorumque
1009 3461 1242 3550 abductione,
1276 3462 1533 3560 multarumque

464 3597 576 3670 opum
599 3576 790 3666 exhaustu,
816 3603 900 3648 cum
920 3576 1159 3676 plurimorum
1185 3580 1386 3675 captivitate
1410 3571 1531 3650 terram

463 3689 732 3789 depopulantes.
755 3699 919 3781 Quorum
942 3696 1114 3793 impetum
1134 3720 1195 3765 rex
1219 3695 1364 3784 dolem,
1392 3721 1530 3766 suorum

463 3837 547 3882 usus
571 3814 719 3885 consilio
740 3817 963 3891 exactionem
980 3817 1141 3915 pecuniae
1157 3816 1331 3888 collatitiae
1353 3817 1430 3892 fieri
1443 3843 1531 3888 exar-

465 3928 600 3998 toribus
621 3929 767 4021 indixit,
802 3959 880 4029 quae
904 3933 1066 4004 hostibus
1087 3935 1123 4003 in
1152 3936 1247 4031 pacis
1269 3951 1376 4031 pacto
1405 3936 1531 4006 conser-

462 4060 569 4115 retur.
599 4050 640 4116 Et
668 4048 814 4139 collata,
840 4051 885 4120 ad
914 4068 1037 4121 votum
1064 4075 1256 4157 commune
1288 4052 1527 4149 paciscuntur,
