3417 5392
486 576 544 638 196
830 570 996 633 tttcttettt
1019 572 1093 637 ΗΒ.
1118 572 1161 631 ll.

482 694 580 769 nullo
598 707 799 791 suspectum
815 692 1023 788 habuerat',
1041 716 1185 766 securus
1202 696 1356 766 accessit.
1374 693 1551 767 Barbarus

481 837 566 883 vero
580 810 732 882 militum
744 810 906 908 inopiam·
915 812 1074 901 intuitus,
1087 835 1170 882 cum
1188 809 1413 883 multitudine
1431 834 1550 881 arma·

481 943 598 999 torum
622 951 741 1025 regem
765 926 948 999 incautum
977 928 1189 1026 aggreditur.
1223 927 1332 1023 Cujus
1357 926 1548 998 satellitum

479 1044 567 1116 alios
584 1043 758 1134 saucians,
773 1042 861 1115 alios
873 1044 1092 1135 interimens,
1114 1068 1232 1141 regem
1245 1045 1284 1115 in
1298 1044 1414 1141 litgam
1428 1044 1544 1140 cogit3

478 1177 514 1232 et
538 1161 626 1232 forte
646 1160 806 1259 cepisset,
827 1161 895 1230 nisi
919 1159 964 1232 ab
985 1161 1061 1257 ejus
1086 1161 1259 1258 armigero
1280 1160 1546 1250 resistente,th

477 1302 562 1349 mox
574 1276 771 1367 interiecto,
788 1275 1039 1375 aliquantisper
1051 1275 1214 1348 detentus
1226 1292 1328 1349 esset.
1350 1280 1430 1365 Qua
1442 1300 1546 1350 mora

436 1460 439 1467 ,
476 1419 538 1466 rex
555 1394 638 1491 equi
650 1392 835 1465 velocitate
853 1387 1031 1492 per'devia
1044 1379 1178 1493 raptus,
1199 1394 1429 1465 Rhodomum
1446 1395 1546 1467 solus

475 1512 647 1611 persenit.
670 1510 874 1609 Urbemque
887 1512 1075 1608 ingressus,
1092 1510 1272 1602 acivibus,
1288 1536 1333 1582 eo
1347 1511 1446 1609 quod
1460 1536 1545 1583 cum

475 1628 723 1723 Bajocensibus
740 1628 1014 1727 conspirassent,
1031 1635 1209 1727 captus'ac
1223 1642 1341 1700 tentus
1352 1644 1416 1700 est.

466 2666 592 2719 XLVIII.
605 2696 641 2707 -
649 2667 704 2719 Rex
715 2666 756 2718 *a
776 2666 969 2720 Nortmannis*
988 2685 1036 2738 per
1055 2665 1184 2719 obsides*
1204 2664 1354 2732 dimittitur,
1376 2666 1511 2719 etiterum
1521 2667 1538 2701 *

835 2749 910 2803 'dolo
920 2768 937 2803 a
947 2750 963 2785 *
973 2749 1041 2803 duce
1053 2750 1164 2821 capitur.

514 2912 616 3006 Hugo
630 2906 701 2980 dux
723 2934 842 3006 regem
862 2907 1041 2980 Rhodomi
1058 2923 1201 3006 captum
1218 2910 1456 3007 comperiens,
1475 2914 1537 2981 Ba·

461 3027 560 3121 jocas
582 3025 742 3118 devenit,
770 3052 837 3126 pro
866 3027 957 3123 regis
981 3011 1145 3124 captione
1165 3025 1294 3123 gratias
1314 3026 1531 3115 redditurus,

464 3166 506 3214 ae
529 3157 569 3213 ut
592 3142 659 3214 sibi
682 3158 807 3243 captus
827 3142 1079 3215 commitatur²
1108 3143 1390 3215 ratiocinaturus.
1427 3147 1532 3216 Nort-

464 3260 587 3332 manni
600 3259 708 3332 vero⁸
729 3260 831 3357 justis
850 3258 1117 3332 conditionibus
1133 3258 1172 3332 id
1187 3258 1367 3356 agendum
1387 3277 1533 3358 ppon-

462 3372 562 3465 dent,
576 3390 615 3447 ut
635 3375 664 3447 si
682 3374 755 3449 dux
778 3400 899 3473 regem
916 3377 1079 3476 excipiat,
1100 3376 1167 3476 ipsi
1179 3376 1270 3474 regis
1283 3373 1374 3447 filios
1388 3400 1528 3469 omnes,

461 3491 528 3562 sub
537 3492 618 3588 jure
640 3491 807 3564 obsidum
829 3493 1021 3591 accipiant,
1048 3517 1116 3565 nec
1136 3491 1204 3563 sub
1225 3492 1293 3563 alia
1316 3492 1392 3589 lege
1410 3518 1531 3627 regem

429 3654 438 3685 .
461 3630 537 3678 sese
548 3606 766 3680 dimissuros.
788 3612 870 3679 Dux
881 3610 1084 3708 captionem
1102 3607 1339 3701 dissimulans,
1353 3611 1426 3682 acsi
1438 3612 1530 3709 regis

461 3746 567 3795 eausa
590 3749 667 3796 rem
691 3723 932 3816 ordinaturus,
957 3726 1003 3798 ad
1026 3727 1185 3824 reginam
1208 3726 1438 3826 Gerbergam,
1460 3754 1527 3827 pro

461 3836 540 3910 filiis
563 3842 654 3937 regis
678 3841 811 3939 legatos
838 3843 954 3914 mittit.
987 3850 1029 3915 At
1052 3846 1172 3942 regina
1199 3870 1275 3917 rem
1292 3848 1524 3919 necessariam

494 4060 688 4128 *R,tm,oh,
702 4064 793 4131 m,it,
807 4062 1009 4135 adaeorrject.
