3417 5392
492 563 548 616 108
866 555 1030 618 lllCllElll
1054 557 1125 618 LlB.
1149 559 1176 616 l.

487 679 546 774 qui
569 677 680 747 Rheni
699 677 802 747 litora
819 678 978 749 incolunt
1001 679 1155 768 eductis,
1176 679 1212 748 in
1235 703 1351 773 regern
1371 676 1493 767 fertur,
1508 705 1544 750 ac

486 793 668 864 execrabili
682 793 799 864 furore
817 793 980 864 incendia
994 797 1203 892 rapinasque
1217 795 1380 866 exercuit.
1400 799 1543 892 Insuper

485 924 521 979 et
545 911 702 1006 Hugonis
730 909 902 1007 oppidum
929 911 1026 1006 quod
1053 936 1152 981 secus
1182 925 1373 982 torrentem
1396 911 1542 982 Vitularn

485 1017 590 1096 situm
613 1028 736 1098 Braina
755 1025 894 1114 dicitur,
918 1042 1083 1124 occupat,
1108 1029 1202 1125 capit
1221 1051 1261 1096 ac
1280 1025 1397 1097 dimit.

677 1222 749 1272 LIX.
758 1251 794 1261 -
804 1221 934 1272 lleriberti
945 1221 1123 1291 preparatio*
1138 1221 1251 1273 contra*
1264 1239 1358 1291 regem.

534 1374 643 1468 Hujus
668 1399 752 1444 vero
777 1373 999 1444 contumeliae
1024 1397 1165 1444 causam
1191 1399 1249 1443 rex
1268 1399 1305 1444 se
1323 1373 1540 1445 constituisse

484 1487 695 1584 intelligens,
711 1491 786 1584 ejus
799 1491 993 1587 potentiam
1012 1490 1169 1560 minuere
1188 1489 1375 1587 quaerebat.
1399 1493 1541 1560 Remen-

476 1604 577 1706 ,sibus
595 1632 678 1700 ergo
702 1605 835 1676 civibus
853 1606 985 1701 legatos
1004 1606 1128 1692 mittit,
1150 1630 1190 1675 ac
1209 1621 1245 1674 ut
1266 1603 1473 1702 pontificem
1485 1605 1539 1676 eli·

482 1736 564 1814 gant
581 1724 747 1820 praecipit.
765 1723 872 1810 Quod
890 1725 994 1793 etiam
1008 1725 1045 1793 ni
1064 1723 1209 1810 faciant,
1231 1722 1337 1792 aliurn
1347 1739 1474 1820 praeter
1485 1749 1539 1792 eo·

482 1861 560 1906 rum
586 1838 675 1908 velle
704 1841 753 1908 eis
779 1864 853 1909 sese
886 1839 1131 1936 impositurum
1168 1838 1322 1908 mandat.
1357 1843 1398 1908 lt
1429 1838 1535 1926 cives,

482 1953 582 2048 regiae
598 1953 780 2050 legationis
794 1953 998 2025 mandatum
1017 1955 1246 2050 excipientes,
1268 1954 1354 2050 quid
1372 1954 1438 2052 ipsi
1460 1953 1537 2024 inde

481 2068 589 2140 velint
605 2095 646 2140 ac
665 2073 816 2142 sentiant
830 2097 894 2168 per
911 2095 993 2140 suos
1013 2070 1144 2166 legatos
1162 2070 1336 2158 referunt;
1358 2094 1433 2139 sese
1445 2069 1536 2140 vide·

479 2183 560 2257 licet
582 2189 677 2282 regio
700 2189 799 2282 jussu
817 2186 990 2257 Heriberti
1016 2185 1127 2255 filium
1151 2185 1231 2256 licet
1249 2185 1366 2257 adbuc
1389 2209 1536 2283 puerum

479 2304 687 2399 suscepisse,
704 2320 809 2400 atque
821 2301 1027 2399 pontificem
1039 2301 1200 2397 elegisse,
1217 2301 1300 2371 inde
1314 2303 1417 2372 etiam
1432 2299 1533 2371 fidem

480 2417 510 2485 ei
526 2416 600 2511 jam
617 2418 743 2489 laetam
765 2418 1071 2507 accomrnodasse3
1097 2433 1311 2516 quapropter
1324 2415 1533 2513 impossibile

448 2557 456 2566 ·
479 2554 553 2600 esse
571 2546 626 2618 ut,
656 2531 724 2602 srde
744 2533 929 2621 inviolata,
951 2533 995 2602 ab
1010 2558 1053 2603 eo
1067 2534 1116 2603 sic
1134 2531 1284 2604 deficere
1298 2533 1443 2630 possint.
1467 2535 1532 2602 Rex
1612 2533 1617 2550 '

479 2645 636 2743 partibus
666 2648 839 2719 Heriberti
872 2651 964 2719 cives
996 2649 1110 2719 lavere
1141 2648 1354 2744 intelligens,
1389 2647 1531 2718 collecto

479 2770 645 2858 exercitu,
662 2765 785 2840 urbem
799 2772 1002 2866 repentinus
1015 2769 1223 2867 aggreditur.
1237 2771 1445 2865 lngredique
1456 2793 1531 2864 pro·

478 2881 625 2971 hibitus,
651 2885 872 2957 obsidionem
898 2886 1068 2984 applicat,
1094 2910 1135 2956 ac
1159 2885 1312 2956 urbanos
1342 2886 1530 2955 resistentes

479 2998 631 3070 fervidus
643 3001 799 3096 adurget.
814 3003 884 3088 Qui
898 3002 1008 3072 multa
1019 3003 1275 3100 expugnatione
1288 3002 1420 3088 vexati,
1438 3001 1531 3070 tertia

478 3113 621 3183 tandem
643 3115 841 3186 ebdomada
859 3132 977 3213 portas
995 3117 1076 3187 victi
1098 3133 1133 3187 et
1156 3116 1329 3212 supplices
1353 3139 1527 3212 aperuere.

495 3321 551 3372 LX.
561 3322 694 3374 -Oratio
705 3323 812 3376 Rodulli
823 3325 889 3394 regis
900 3324 932 3375 nd
943 3325 973 3358 *¹¹
986 3325 1053 3377 cives
1062 3327 1198 3376 Remenses
1207 3325 1237 3358 Η
1250 3341 1299 3394 pro
1311 3341 1337 3374 se
1349 3320 1460 3373 suasoria
1472 3320 1512 3368 ¹¹.

523 3485 771 3580 Ingressusque
797 3483 921 3554 urbem
945 3509 1026 3572 rex,
1054 3501 1134 3582 post
1150 3483 1322 3554 nonnulla
1345 3463 1526 3577 disposita,

475 3596 602 3668 collato
627 3623 708 3668 cum
739 3601 809 3669 suis
840 3599 987 3671 consilio
1014 3603 1106 3671 cives
1131 3601 1274 3672 accersit
1288 3600 1313 3667 ¹.
1338 3601 1529 3690 Coramque

476 3713 524 3783 sic
538 3715 760 3786 contionatus
773 3717 821 3786 ait
837 3745 844 3785 :
865 3746 881 3783 α
898 3721 1090 3804 Quantum,
1105 3717 1277 3814 inquiens,
1290 3713 1410 3800 caedis,
1426 3735 1529 3807 quan-

478 3861 495 3894 «
513 3845 588 3901 tum
607 3833 710 3903 etiarn
732 3835 954 3931 rapinarum,
983 3860 1036 3903 res
1061 3831 1223 3930 publicat
1248 3831 1398 3900 lactione
1425 3825 1526 3896 malo·

509 4064 522 4087 ⁴¹
543 4059 669 4108 llcriberti
681 4077 782 4129 prrepa,
799 4073 888 4111 contra
908 4080 937 4110 er
951 4063 1051 4128 conject.

509 4146 540 4172 ¹*
560 4141 593 4204 d,
607 4161 657 4206 scs,
671 4143 709 4193 ria
721 4164 749 4192 rs
764 4147 864 4211 cortject.

510 4228 517 4256 ¹
538 4239 628 4276 euocat
644 4229 667 4276 l.

506 4311 518 4340 ²
535 4329 558 4361 r.
571 4329 598 4378 p.
614 4309 698 4359 codex.
