3417 5392
444 586 504 648 236
807 582 972 642 lllCHElll
994 583 1070 643 Llll.
1095 584 1137 642 11.

446 736 464 773 t<
486 704 649 794 deberet,
664 726 773 800 regno
786 702 887 773 illum
900 704 1101 795 immaniter
1111 704 1274 801 privavit,
1295 718 1330 776 et
1343 705 1516 802 usquead

447 852 465 889 v
485 822 566 893 vitae
579 822 655 917 ejus
672 821 859 917 suprema*
889 819 1065 916 ergasttdo
1081 820 1090 855 ⁴
1107 817 1301 891 ‘inclusum
1318 844 1394 891 esse
1413 845 1515 918 ruga·

447 967 465 1005 ι(
487 939 537 1009 vit
551 938 578 1007 ⁴.
594 941 650 1008 Me
662 960 746 1009 vero
760 960 932 1034 parvum,
953 936 990 1006 in
1010 935 1176 1007 fasciculo
1200 934 1413 1033 farraginisa
1426 938 1516 1009 meis

446 1052 756 1145 «dissimulatum,
782 1054 819 1122 in
850 1067 968 1151 partes
991 1050 1242 1121 transmarinas
1266 1066 1301 1122 et
1329 1075 1442 1150 prope
1476 1053 1513 1122 in

447 1201 465 1238 «
485 1170 727 1267 Riseosfugere
743 1168 926 1267 compulit.
944 1173 1046 1238 Patre
1057 1181 1175 1238 autem
1188 1167 1342 1238 extincto
1356 1167 1365 1202 ⁴
1379 1166 1397 1202 '¹
1409 1181 1445 1238 et
1455 1192 1513 1238 me

447 1286 523 1356 «in
548 1285 691 1359 exilium
716 1284 923 1382 deportato,
952 1285 1018 1355 iste
1046 1308 1129 1354 cum
1152 1283 1437 1355 reminisceretur
1459 1284 1514 1354 sui

447 1430 465 1469 u
483 1403 613 1501 patris,
637 1399 685 1472 ob
702 1400 926 1473 insolentiam
939 1399 1130 1489 interfecti,
1155 1400 1255 1496 regni
1272 1424 1394 1472 curam
1407 1401 1514 1471 susci·

448 1544 466 1583 a
486 1542 572 1616 pere
589 1515 813 1587 formidabat.
830 1516 940 1587 Nobis
952 1517 1071 1614 itaque
1081 1513 1265 1604 invidens,
1289 1516 1508 1587 Rodulfum²

447 1662 465 1701 «
486 1634 677 1732 promovit.
692 1632 762 1705 Sed
773 1633 944 1704 Divinitas
957 1657 1013 1705 res
1023 1632 1115 1704 illius
1126 1634 1216 1704 sieut
1227 1649 1263 1705 et
1272 1647 1388 1704 uetera
1399 1632 1514 1704 deter

447 1778 465 1815 a
486 1748 646 1839 minans,
662 1750 695 1821 ei
708 1747 853 1846 quando
867 1749 979 1821 voluit
990 1749 1099 1821 linem
1108 1749 1281 1847 regnandi
1293 1748 1402 1821 dedit.
1418 1752 1513 1820 Dum

447 1894 465 1933 α
486 1866 572 1937 item
583 1891 733 1963 regnum
750 1880 912 1956 vacaret,
927 1865 1076 1938 consilio
1089 1864 1269 1937 bonorum
1285 1890 1343 1937 me
1364 1890 1386 1937 a
1405 1867 1512 1963 parti·

448 2017 466 2056 r<
486 1986 553 2059 bus
566 1986 759 2087 peregrinis
772 1988 972 2060 exulantem
980 1988 1173 2079 revocavit,
1188 2012 1230 2058 ac
1242 1986 1405 2059 omnium
1417 1987 1513 2058 coni·

448 2138 467 2177 α
487 2108 608 2181 bentia
619 2110 656 2179 in
671 2134 819 2207 regnum
841 2110 1040 2207 promovit,
1072 2108 1161 2180 nihil
1179 2108 1267 2179 mihi
1279 2122 1405 2206 praeter
1424 2111 1512 2178 Lau·

447 2258 464 2298 u
482 2228 621 2301 dunum
646 2231 866 2327 relinquens.
898 2235 1156 2327 Promotusque
1179 2255 1261 2301 cum
1275 2253 1406 2325 eaquae
1428 2228 1512 2325 regii

448 2375 466 2412 tt
483 2345 572 2441 juris
584 2342 808 2435 videbantur,
833 2361 991 2443 repetere
1012 2347 1156 2437 niterer,
1178 2344 1216 2416 id
1236 2343 1452 2415 invidissime
1466 2343 1512 2415 fe-

447 2490 465 2528 «
481 2460 592 2533 rebat.
617 2466 741 2533 Faetus
766 2485 850 2559 ergo
878 2460 1026 2534 latenter
1050 2460 1289 2549 adversarius,
1312 2460 1512 2549 amioos,si

447 2604 465 2645 α
482 2601 573 2674 quos
595 2570 791 2669 habebam,
823 2578 983 2675 pecuniis
1012 2576 1254 2664 subvertebat,
1287 2575 1450 2646 inimicos
1475 2576 1511 2644 in

447 2693 608 2766 «odium
631 2693 782 2792 amplius
801 2692 981 2765 incitabat.
994 2693 1172 2785 Tandem,
1193 2706 1340 2790 urgente
1352 2689 1509 2778 invidia,

449 2837 467 2875 u
488 2808 585 2907 apud
606 2824 747 2910 pyratas
766 2810 859 2907 egit,
886 2825 926 2881 ut
942 2809 988 2881 ab
1001 2810 1052 2883 eis
1064 2808 1149 2881 dolo
1173 2834 1318 2908 caperer
1331 2797 1343 2900 ;¹
1363 2832 1510 2904 regnum

448 2954 466 2991 α
488 2925 525 2996 in
538 2950 575 2995 se
588 2948 693 3022 posse
706 2923 846 2995 refundi
869 2924 1059 3015 arbitrans,
1080 2925 1109 2996 si
1130 2924 1168 2997 id
1192 2923 1269 2997 fieri
1293 2924 1505 3020 contigisset.

447 3069 466 3108 «
487 3044 559 3111 Nec
576 3040 1010 3112 defiritinsidiis'effectus.
1031 3044 1163 3138 Captus
1188 3038 1258 3129 fui,
1283 3038 1505 3134 caruerique³

447 3182 466 3220 a
483 3154 715 3254 mancipatus.
752 3155 814 3226 llle
844 3180 931 3227 vero
957 3181 1016 3228 me
1037 3156 1173 3254 eripere
1198 3155 1389 3244 simulans,
1421 3154 1509 3225 filios

448 3300 465 3337 ι(
487 3295 587 3341 meos
596 3268 676 3367 jure
690 3270 857 3343 obsidum
881 3272 1021 3343 dandos
1043 3270 1196 3371 petebat.
1220 3275 1263 3342 At
1285 3271 1327 3341 iis
1344 3270 1408 3367 qui
1424 3270 1507 3340 mihi

447 3384 558 3459 «lide
584 3388 739 3483 adjuncti
765 3404 867 3461 erant
891 3414 1015 3461 omnes
1036 3389 1113 3460 dari
1131 3386 1426 3477 reclamantibus,
1459 3387 1508 3457 di·

447 3531 465 3570 «
487 3504 594 3576 misso
615 3528 701 3594 uno,
720 3503 874 3603 apiratis
887 3530 950 3575 me
968 3506 1110 3603 recepit.
1132 3510 1209 3576 lam
1220 3503 1418 3575 libertatem
1434 3526 1507 3600 spo

447 3649 465 3686 α
486 3643 583 3711 rano,
600 3644 673 3717 quo
687 3622 825 3691 animus
838 3621 1035 3720 impelleret
1048 3622 1098 3692 ire
1110 3620 1285 3691 volebam.
1309 3623 1440 3692 Verum
1452 3615 1507 3688 ali·

447 3764 465 3802 α
483 3748 536 3806 ter
554 3738 758 3834 provenisse
777 3738 1001 3810 manifestum
1018 3753 1081 3809 est.
1099 3741 1188 3808 Nam
1201 3750 1344 3833 captum
1356 3760 1452 3804 mox
1470 3734 1504 3802 in

447 3881 464 3918 a
485 3850 628 3923 vincula
637 3853 799 3949 conjecit,
814 3878 855 3925 ac
868 3854 1012 3925 annuali
1023 3853 1153 3924 carceri
1165 3851 1389 3949 mancipavit.
1407 3847 1504 3919 Unde

481 4042 489 4072 ¹
509 4058 566 4107 ma,
582 4059 599 4092 o
610 4040 698 4107 inclu,
712 4044 797 4113 agavit
809 4043 912 4123 abscisa.
954 4036 959 4043 ⁸

462 4126 493 4161 ¹⁹
512 4139 589 4197 capto
601 4129 626 4178 l.

480 4210 491 4239 ²
508 4209 588 4262 alium
602 4214 626 4263 1.

478 4297 490 4323 ¹
502 4313 525 4345 c.
539 4313 694 4363 perannum
707 4296 795 4349 deleta.
