3417 5392
471 542 512 600 56
851 538 1017 600 lllCllERl
1040 540 1115 602 LIB.
1140 540 1165 598 1.

471 666 523 736 eis
543 679 669 738 contra
695 691 815 764 regem
834 664 1055 738 machinans.
1079 666 1141 737 tt·
1167 690 1244 756 rer,
1268 665 1368 739 bono
1396 693 1545 740 suorum

473 806 559 854 usus
581 782 751 873 consiliu,
780 807 845 881 per
867 783 1058 854 Heriveum
1082 783 1397 882 metropolitanum
1418 785 1547 858 ducem

475 900 720 993 heinricumi,
732 901 794 998 qui
803 901 841 970 in
849 900 1002 971 Saxonis
1012 898 1203 972 ⁸omuibus
1215 917 1376 1000 praeerat,
1386 902 1544 973 accersit.

476 1017 538 1088 Hic
562 1018 659 1089 euim
680 1019 726 1089 ab
745 1017 938 1090 nomene*
963 1041 1169 1116 persuasus,
1195 1043 1278 1090 cum
1303 1015 1379 1089 aliis
1396 1017 1443 1089 ah
1461 1007 1547 1116 'rege

442 1167 453 1194 ·
472 1134 690 1211 discesserat.
801 1149 805 1158 ‘
865 1121 871 1136 ⁸

507 1305 613 1359 xxnt.
625 1279 855 1376 --,’(Σοιι(ῐιιεεεῑίοΙΙ
872 1305 977 1359 Herivei
991 1302 1160 1358 hemensium
1171 1305 1188 1340 ¹¹
1203 1304 1398 1377 metropolitani
1410 1305 1427 1340 ³
1442 1304 1515 1376 apud

793 1396 971 1449 Heinricum*
982 1414 1034 1468 pro
1045 1396 1146 1448 Ksrulc
1157 1414 1227 1467 rege.

522 1542 635 1610 Penes
647 1563 769 1636 quem,
785 1537 1081 1638 metropolitanus
1093 1538 1170 1610 vice
1182 1537 1275 1635 regis
1288 1536 1337 1608 sic
1356 1559 1460 1608 orsus
1476 1537 1526 1607 ait
1538 1565 1544 1606 :

477 1684 495 1722 κ
516 1658 707 1746 Hactenus,
716 1655 773 1726 vir
784 1653 1017 1746 nobilissime,
1032 1669 1093 1727 tua
1105 1653 1309 1756 prudentie,
1329 1667 1391 1726 tua
1403 1651 1550 1725 liberali·

477 1799 495 1838 r<
516 1784 604 1861 tate,
624 1795 695 1872 pax
714 1772 930 1871 principum,
946 1770 1140 1848 concordia
1157 1771 1322 1843 omnium
1334 1769 1468 1842 utiliter
1490 1771 1550 1842 llo

474 1917 493 1954 κ
516 1912 631 1960 ruere.
653 1892 696 1960 ht
713 1903 918 1986 postquam,
943 1887 1194 1960 malivolorum
1219 1887 1366 1977 invidia,
1390 1887 1553 1959 animum,

477 2034 495 2070 r
516 2005 693 2096 remisisti,
701 2005 930 2078 circumcirca
940 2004 1126 2086 discordie
1138 2001 1384 2078 visalatihulis
1391 2005 1544 2077 emersit.

477 2151 494 2188 u
517 2125 604 2208 Quae
612 2147 682 2214 res,
690 2122 840 2194 domino
849 2137 974 2194 nostro
984 2123 1354 2223 regiapudteoratum
1364 2123 1415 2194 ire
1427 2124 1546 2194 suasit.

477 2267 493 2304 u
517 2238 674 2310 Antehac
697 2240 794 2310 enim
813 2264 889 2310 non
911 2239 1138 2313 mediocriter
1155 2239 1204 2312 ob
1222 2253 1284 2312 tua
1302 2239 1428 2310 merita
1449 2237 1551 2312 dilec-

477 2387 494 2422 tt
516 2357 672 2428 tissimus
691 2357 797 2429 fuisti.
813 2361 887 2429 'lua
904 2357 1044 2454 egregia
1057 2356 1147 2438 fides
1163 2357 1197 2429 ei
1211 2358 1404 2454 recognita,
1424 2356 1462 2428 in
1482 2381 1551 2429 ms·

478 2502 495 2540 u
517 2474 595 2570 gnis
607 2473 774 2573 periculis
786 2473 937 2548 multam
948 2474 1017 2546 sibi
1031 2473 1194 2546 fidutiam
1207 2489 1321 2573 parat.
1338 2477 1431 2546 Cum
1443 2473 1549 2545 totius

477 2621 498 2657 r
516 2605 610 2662 statu
618 2590 796 2688 dignitatis
807 2589 1286 2690 rexpotiretur,paululuma
1297 2605 1332 2662 te
1343 2589 1546 2662 oberrasse⁵

478 2737 496 2774 α
517 2732 593 2779 sese
610 2733 686 2779 non
703 2708 860 2805 ignorat,
876 2706 940 2780 sed
958 2707 996 2779 id
1017 2705 1130 2782 multa
1146 2705 1218 2780 fide
1239 2709 1416 2805 corrigere
1433 2708 1545 2804 gestit.

478 2851 496 2892 r
518 2827 590 2894 Nec
610 2838 664 2895 est
684 2824 757 2899 hoc
780 2823 987 2896 inusitatum
1006 2838 1043 2896 et
1068 2823 1288 2922 singulare&
1313 2824 1478 2897 omnium
1499 2842 1549 2897 est

479 2969 497 3007 u
518 2939 699 3012 interdum
711 2939 887 3039 desipere,
907 2939 1090 3012 honorum
1102 2965 1189 3013 vero
1206 2939 1406 3012 rationibus
1419 2937 1544 3015 r'edire.

480 3086 498 3124 r<
518 3055 768 3128 sufferendum
784 3070 837 3127 est
854 3056 974 3154 itaque
986 3070 1092 3153 atque
1110 3081 1251 3128 summu
1268 3055 1485 3155 benignitate
1502 3059 1550 3130 in·

480 3201 498 3238 r
519 3170 752 3268 dulgendum.
772 3174 824 3242 Tu
844 3195 1003 3269 quoque,
1024 3173 1309 3245 Germanorum*
1326 3176 1479 3274 optime,
1502 3177 1549 3246 ni·

480 3318 498 3356 «
519 3288 632 3362 mium
654 3311 674 3360 a
701 3302 799 3360 recto
822 3290 1005 3362 secessisse
1024 3288 1167 3365 videris.
1195 3294 1318 3389 Neque
1334 3291 1373 3364 id
1393 3293 1544 3364 mirum:

512 3459 728 3526 *tio,ensium,
741 3459 975 3525 tni,umabseisa.

513 3546 521 3576 ¹
542 3547 576 3597 tt
589 3561 723 3596 remorum
734 3543 930 3615 metropolitani
949 3544 1048 3600 herivei
1066 3546 1177 3602 consilio
1194 3566 1256 3601 usus
1271 3547 1440 3620 gislebertum
1458 3551 1502 3620 qni
1519 3549 1544 3602 in

476 3615 577 3685 belgica
596 3614 720 3668 omnibus
728 3614 822 3698 fotius
836 3626 892 3698 erat
909 3634 958 3686 per
975 3618 1073 3702 legatos
1091 3619 1207 3672 accersit.
1228 3619 1279 3672 Hic
1294 3620 1366 3672 enirn
1382 3621 1416 3673 sb
1433 3621 1545 3674 heinrico

476 3703 614 3810 museus
625 3705 687 3738 eum
702 3686 758 3738 alus
768 3687 903 3738 nonnullis
913 3687 947 3738 eh
958 3705 1019 3758 rege
1030 3687 1189 3742 discesserat.
1203 3689 1236 3742 Et
1246 3692 1384 3744 accersitus
1394 3710 1456 3744 cum
1467 3693 1545 3745 multu

534 3774 579 3809 ore
590 3769 650 3811 unte
659 3775 748 3827 regem
759 3755 916 3824 admittitur,
928 3759 965 3808 ita
973 3760 1055 3832 primo
1065 3773 1160 3823 auctor,
1175 3761 1261 3834 quibus
1271 3763 1398 3820 metatis
1408 3763 1544 3836 multopro·

473 3829 598 3903 fusiorem
604 3827 730 3882 Ιιὶεεονὶαπι
734 3830 818 3900 prima
828 3847 902 3880 manu
913 3831 1018 3902 scn'psit.

512 3912 525 3944 ¹
545 3911 713 3983 gislebertum
725 3916 751 3963 t.

513 3999 526 4030 ⁸
542 3995 644 4067 belgice
656 3991 688 4049 l.'

513 4082 526 4116 ⁴
543 4080 662 4134 heinrico
673 4081 700 4133 l.

512 4169 524 4199 ¹
542 4183 570 4219 o.
582 4165 676 4220 crebro
686 4164 801 4218 deletam.

512 4251 524 4282 ⁸
541 4270 563 4301 s.
576 4262 602 4302 at
613 4249 803 4319 frequentatum
814 4261 840 4303 et
850 4269 990 4307 commune
1002 4251 1093 4306 deleta.
1118 4297 1119 4304 ,

514 4335 525 4373 t
542 4333 703 4404 belgicorum
716 4336 741 4392 l.
