3417 5392
475 587 515 646 ‘20
847 585 1013 645 mouent
1037 591 1112 647 utu.
1136 593 1162 646 l.

473 705 625 814 nitente,
646 703 807 775 redeunt.
826 707 913 776 Tam
934 704 1026 777 lelici
1050 732 1134 803 ergo
1166 729 1328 780 successu
1354 709 1452 800 elati,
1479 743 1545 812 per
1583 709 1587 714 ’

471 821 663 901 exteriores
685 820 885 891 Brittanniae
903 820 991 892 fines
1009 847 1109 893 secus
1135 815 1382 922 Andegavum,
1405 830 1546 927 Aquita·

471 938 569 1012 niam
586 939 801 1036 irrumpunt,
823 938 1006 1038 multaque
1023 939 1301 1039 depopulatione
1320 957 1468 1015 terrram
1487 945 1546 1018 de·

471 1069 625 1158 vastant3
646 1054 830 1126 abducunt
845 1056 941 1127 viros
959 1081 1001 1127 ac
1024 1056 1188 1128 mulieres
1210 1084 1429 1156 puerosquc3
1458 1087 1545 1159 quo-

470 1195 551 1241 rum
569 1171 808 1269 provectiores
825 1171 862 1241 in
881 1186 1035 1268 utroque
1051 1198 1136 1245 sexu
1159 1174 1391 1267 obtruncant3
1411 1204 1543 1276 pueros

470 1287 629 1361 servituti
646 1289 866 1387 mancipant,
888 1289 1035 1361 feminas
1058 1315 1143 1362 vero
1166 1316 1244 1387 quae
1266 1293 1428 1368 formosae
1446 1295 1544 1368 vide·

469 1403 600 1476 bantur
611 1405 840 1504 prostituunt.

603 2471 666 2540 ΥΠ.
680 2501 716 2511 -
726 2469 788 2523 Odo
799 2489 845 2523 rex
857 2471 872 2505 ¹*
885 2484 977 2524 contra
988 2483 1092 2544 pyratas
1105 2473 1119 2506 *
1131 2475 1273 2527 exercitum
1286 2473 1300 2506 ¹¹
1312 2485 1395 2544 parat.
1440 2532 1444 2541 Ι

516 2627 586 2699 Sed
609 2587 774 2699 nonnulli
803 2617 901 2699 vario
926 2642 1054 2699 eventu
1078 2627 1203 2727 elapsi,
1231 2627 1395 2726 profugio
1418 2625 1538 2698 salvati

469 2759 563 2817 sunt.
590 2744 764 2842 Aquibus
793 2745 881 2815 dum
911 2746 1183 2841 exagitarentur,
1210 2768 1295 2815 mox
1323 2743 1444 2815 Odoni
1468 2744 1539 2841 regi

469 2859 578 2932 relata
595 2861 703 2932 fuere.
725 2861 797 2948 Qui
814 2887 934 2932 rerum
952 2861 1194 2959 magnitudine
1212 2875 1343 2950 motuS,
1364 2875 1540 2958 quotquot

470 3001 515 3049 ex
528 2979 714 3074 Aquitania
735 2979 868 3077 potuit,
894 2979 1010 3052 edicto
1030 2980 1128 3076 regio
1153 2979 1360 3076 congregari
1376 2978 1541 3076 praecepit

473 3095 600 3166 milites
611 3093 830 3193 peditesque.
848 3099 900 3166 Ex
911 3097 1088 3167 Provintia
1107 3121 1264 3194 quoque,
1276 3119 1354 3193 quae
1366 3093 1539 3166 Rhodano

472 3227 508 3282 et
521 3210 667 3311 Alpibus
679 3212 840 3307 marique
852 3235 894 3282 ac
906 3213 1109 3283 Gothorum
1122 3211 1252 3283 finibus
1265 3213 1541 3309 circumquaque

473 3329 639 3419 ambitur,
661 3327 878 3400 Arelatenses
895 3353 937 3400 ac
955 3330 1186 3402 Aurasicanos
1205 3329 1346 3421 habuit,
1367 3328 1431 3400 sed
1451 3343 1540 3400 etex

473 3445 622 3535 Gothia,
645 3444 866 3538 Tholosanos
882 3460 989 3544 atque
1006 3447 1249 3518 Nemausinos.
1270 3446 1407 3533 Quibus
1414 3445 1543 3532 ,colleo-

474 3563 529 3652 tis,
551 3563 723 3636 exercitus
740 3562 869 3658 regim,
890 3563 926 3633 in
946 3563 1071 3634 decem
1088 3562 1230 3636 milibus
1247 3563 1424 3662 equitum,
1445 3563 1542 3662 pedi·

476 3697 553 3751 tum
586 3704 672 3752 vero
704 3704 765 3750 sex
794 3677 936 3750 milibus
969 3694 1055 3750 erat.
1089 3679 1252 3752 Procedit
1290 3679 1411 3777 itaque
1443 3705 1543 3752 secus

477 3797 660 3886 Briddam,
682 3797 793 3868 sancti
819 3795 948 3867 Juliani
966 3797 1117 3870 martiris
1140 3812 1311 3886 castrum,
1338 3797 1404 3868 iter
1421 3821 1539 3893 agens.

475 3917 714 4011 sanctumque
726 3913 829 4009 regiis
839 3913 944 3984 donis
956 3927 1155 4005 veneratus,
1171 3914 1399 3985 Arvernicum
1411 3937 1541 4014 pagum

475 4030 681 4128 ingreditur.
713 4035 791 4101 Huc
808 4031 884 4125 jam
911 4030 1031 4102 hostes
1062 4029 1296 4120 advenerant,
1323 4055 1365 4102 ac
1388 4045 1540 4102 castrum

474 4147 573 4245 quod
592 4151 695 4220 Mons
713 4145 865 4216 Panchei
878 4145 1019 4237 dicitur,
1036 4145 1236 4220 vehementi
1253 4147 1443 4220 hostilitate
1464 4171 1540 4246 pre·

507 4339 523 4372 ⁸
542 4358 573 4404 x,
587 4355 666 4411 pyra,
678 4338 774 4392 reitum
785 4337 888 4390 abscisa.
