3417 5392
471 541 511 602 rt
842 533 1009 595 RICHEIII
1032 535 1107 598 Llll.
1133 537 1157 598 I.

418 707 424 718 ·
466 659 608 761 oppidis
624 683 667 731 ac
688 657 906 755 municipiis·
936 681 1012 730 sese
1029 656 1228 730 recludunt.
1258 659 1330 730 Rex
1354 681 1440 732 vero
1463 659 1535 732 sin·

466 779 556 876 gulis
579 777 640 875 qui
665 774 711 847 ab
735 797 772 845 se
797 773 998 846 defecerant
1020 774 1153 871 legatos
1175 774 1309 871 dirigit,
1348 799 1413 872 per
1443 801 1535 874 quos

465 893 683 994 significabat
706 915 782 963 sese
805 890 913 987 regali
936 905 1041 988 atque
1066 890 1230 961 sollemni
1253 889 1447 962 donatione
1466 891 1534 964 lar·

466 1014 621 1111 giturum
651 1005 821 1107 quicquid
855 1008 905 1078 eis
942 1007 988 1078 ab
1021 1007 1218 1079 Gisleberto
1256 1007 1471 1105 praediorum
1500 1025 1536 1082 et

465 1129 596 1204 andium
612 1125 781 1199 collatum
798 1138 867 1214 est,
895 1149 971 1197 sese
995 1149 1139 1222 quoque
1157 1137 1281 1196 contra
1298 1123 1534 1196 Gislebertum

465 1271 533 1344 pro
547 1245 597 1316 eis
614 1257 842 1332 certaturum,
863 1241 892 1311 si
909 1241 939 1312 is
957 1241 1007 1312 eis
1025 1267 1069 1314 ex
1086 1241 1221 1314 collatis
1237 1239 1418 1314 beneficiis
1435 1242 1534 1339 quic·

466 1385 575 1459 quam
592 1374 750 1457 repetere
766 1357 863 1428 velit.
885 1361 966 1446 Quo
983 1343 1098 1457 capti,
1125 1383 1209 1430 mox
1225 1359 1306 1454 jure
1326 1363 1536 1432 sacramenti

466 1475 513 1547 ad
530 1500 649 1572 regem
667 1473 834 1562 redeunt,
848 1471 1048 1574 habitisque
1064 1474 1276 1566 rationibus,
1291 1475 1462 1573 quicquid
1472 1476 1534 1550 be·

465 1591 675 1664 neliciorum
699 1590 744 1663 ab
760 1589 958 1662 Gisleberto
976 1592 1026 1663 eis
1043 1592 1212 1663 collatum
1229 1590 1314 1682 suit,
1340 1592 1449 1689 regali
1465 1592 1534 1665 lar-

465 1711 571 1806 gitate
588 1705 788 1780 firmissime
806 1709 997 1807 unicuique
1022 1708 1187 1781 donatur.
1210 1707 1315 1780 Unde
1332 1723 1368 1780 et
1385 1733 1406 1780 a
1423 1709 1534 1782 Gisle-

464 1825 567 1898 berto
586 1824 808 1914 recedentes,
835 1825 909 1921 regi
935 1825 1216 1896 constant'nsime
1239 1825 1470 1918 resociantur,
1495 1851 1536 1899 ac

465 1968 549 2014 cum
566 1968 610 2014 eo
627 1943 665 2012 in
682 1939 918 2013 Gislebertum
936 1939 1107 2013 feruntur.

926 2282 1082 2334 XXXVIII.

513 2403 730 2478 Gislebertus
747 2431 833 2478 vero
846 2409 889 2482 in
903 2409 1038 2509 oppido
1051 2407 1224 2499 Harburc,
1240 2391 1339 2506 quod
1349 2405 1536 2479 hinclllosa

466 2533 504 2590 et
524 2520 609 2593 inde
627 2522 734 2595 Gullo
759 2525 874 2598 lluviis
897 2527 1064 2617 vallatur,
1089 2550 1111 2596 a
1133 2525 1249 2598 fronte
1273 2547 1359 2596 vero
1389 2523 1536 2594 immani

465 2633 578 2727 hiatu,
598 2640 783 2738 multoque
797 2643 949 2724 horrore
967 2643 1128 2742 veprium
1150 2641 1335 2714 defensum
1357 2653 1428 2729 est,
1454 2664 1537 2710 cum

466 2755 588 2850 paucis
610 2755 851 2831 claudebatur.
881 2765 959 2832 Huc
983 2780 1045 2832 rex
1067 2784 1150 2832 cum
1176 2759 1330 2830 exercitu
1345 2769 1534 2855 properat,

465 2867 630 2969 locatque
651 2872 894 2967 obsidionem,
914 2877 999 2950 hinc
1020 2893 1055 2948 et
1078 2874 1162 2948 inde
1180 2873 1359 2964 navalem,
1383 2897 1404 2944 a
1421 2873 1537 2944 fronte

467 3009 553 3057 vero
565 3005 776 3085 equestrem.
792 2995 833 3062 In
846 2993 946 3089 cujus
959 2993 1218 3092 expugnatione
1228 3015 1311 3063 cum
1321 2991 1534 3089 persisteret,

466 3101 704 3176 Gislebertus²
720 3107 835 3179 navali
848 3106 929 3206 luga
944 3109 1120 3182 dilabitur.
1138 3107 1318 3208 Oppidani
1328 3131 1414 3178 vero
1428 3107 1533 3206 capti,

466 3217 505 3288 in
523 3220 614 3315 regis
632 3220 826 3296 deveniunt
845 3225 1054 3321 jussionem.
1076 3224 1292 3298 Gislebertus
1318 3239 1438 3296 autem
1455 3247 1536 3296 cum

465 3334 609 3407 duobus
623 3338 809 3432 clientulis,
820 3357 967 3440 paterna
977 3342 1171 3415 hereditate
1188 3342 1358 3440 privatus,
1373 3339 1535 3412 Rhenum
1598 3399 1601 3406 .

465 3452 670 3526 exulaturus
693 3460 893 3554 pertransit.
925 3458 1047 3556 Ibique
1069 3485 1134 3557 per
1156 3481 1270 3529 annos
1287 3457 1423 3555 aliquot
1440 3456 1537 3556 apud

468 3569 674 3644 Heinricum
681 3597 846 3647 socerum
861 3575 1029 3675 deceptus
1038 3575 1166 3647 exulat.
1176 3574 1328 3667 Evoluto
1341 3588 1460 3645 autem
1474 3571 1535 3644 ali·

467 3699 558 3780 quot
574 3711 752 3761 annorum
764 3705 938 3789 tempore,
948 3691 1133 3764 Heinricus
1141 3690 1238 3790 apud
1249 3713 1368 3786 regem
1380 3689 1536 3761 suasorie

468 3801 551 3898 egit,
564 3816 604 3872 ut
616 3803 831 3878 Gislebertus
848 3823 1086 3899 revocaretur,
1106 3807 1195 3879 acin
1213 3807 1304 3904 regis
1322 3807 1470 3904 gratiam
1487 3831 1536 3879 re·

506 3993 515 4023 ¹
535 3992 725 4049 munitionibus
737 4001 762 4049 l.

503 4061 516 4094 ¹
533 4063 568 4116 G.
581 4065 649 4117 chm
659 4085 707 4136 per
723 4085 827 4121 mamm
839 4069 955 4144 dilapsus
969 4071 1078 4123 fluvium
1094 4069 1225 4122 enatando
1239 4069 1422 4134 mammeam,
1438 4081 1465 4124 et
1474 4085 1534 4122 cum

468 4132 572 4187 dnobus
590 4136 726 4190 clientibus
744 4139 867 4194 Rhenum
885 4143 1034 4196 exuamus
1049 4141 1239 4223 pertramiena,
1255 4141 1330 4194 annis
1347 4141 1446 4210 aliquot
1464 4137 1532 4211 apud

466 4221 587 4259 nouum
597 4225 674 4260 snum
685 4208 836 4293 lleinricnm
868 4213 1007 4266 animonio
1017 4225 1134 4296 privatus
1152 4211 1276 4266 exulavit.
1295 4210 1431 4284 Oppidani
1449 4223 1531 4264 autem

467 4275 564 4346 ’ΜΨ
575 4275 643 4332 (luca
652 4280 745 4345 relron,
762 4300 787 4335 te
798 4300 811 4336 ι
868 4283 968 4340 'derant
979 4303 1042 4354 rega.
1057 4281 1212 4336 adelardus
1225 4289 1266 4334 Ur.
