3417 5392
423 543 484 605 ssa
791 538 959 604 mcnnu
982 540 1057 601 ns.
1080 538 1124 601 11.
1400 612 1406 625 ,

421 692 523 742 mero
541 631 853 765 efimnagasonbm
870 666 998 740 milites
1011 689 1095 739 cum
1105 678 1209 767 patre
1221 688 1304 737 meo
1320 665 1430 762 jurati
1447 664 1496 739 ad

298 782 304 795 ’
421 784 666 887 peragendum
685 785 736 857 rei
746 785 930 883 negotium
943 783 1155 881 diriguntur.
1177 786 1356 880 Agasones
1377 783 1498 881 itaque

422 927 574 976 numero
588 906 635 979 60
654 904 804 1003 sumptis
817 902 925 974 armis
951 927 1053 974 more
1070 899 1176 972 solito
1199 925 1266 1000 per
1283 901 1417 972 montis
1436 899 1499 972 de-

422 1045 512 1094 vexa
524 1018 697 1119 capitibus
714 1019 886 1121 pilleatis,
917 1018 965 1091 ad
977 1017 1189 1116 famagiuem
1202 1017 1437 1091 descendunt.
1453 1020 1499 1088 Et

424 1136 657 1210 circucarices
666 1135 908 1235 colligendos‘
925 1136 1104 1236 occupati,
1121 1158 1262 1207 moram
1272 1131 1500 1232 regrediendi

424 1248 677 1353 aliquantisper
689 1253 833 1325 faciunt.
850 1257 1005 1353 Atpater
1015 1276 1117 1325 meus
1135 1250 1208 1326 etii
1226 1251 1289 1350 qui
1296 1250 1500 1350 juraticum

406 1392 470 1462 ¹eo
485 1384 607 1463 erant,
626 1368 830 1456 vehementi
857 1370 980 1442 animo
1004 1367 1224 1460 succedunt;
1251 1367 1416 1465 factoque
1443 1392 1501 1467 ag·

426 1487 524 1559 mine
540 1486 690 1585 pilleatis
702 1488 877 1587 capitibus
894 1511 996 1559 more
1012 1509 1210 1584 agasonum
1220 1509 1305 1557 oum
1326 1483 1500 1557 fasciculis

427 1601 609 1701 farraginis
638 1604 879 1703 tempestivius
900 1604 1057 1677 reditum
1077 1601 1296 1693 accelerant,
1326 1602 1500 1699 magnim-

427 1718 512 1792 dine
530 1720 779 1794 fasciculorum
790 1720 910 1793 vultus
930 1721 1073 1821 penitus
1090 1718 1276 1793 abdentes.
1292 1718 1433 1806 Quibus
1443 1718 1502 1791 ad-

428 1836 653 1910 venientibus
673 1852 778 1937 porta
800 1837 975 1937 patefacta
991 1851 1057 1909 est.
1074 1834 1274 1909 Etindivisi
1291 1834 1419 1908 urbem
1444 1840 1505 1935 pe-

430 1968 584 2026 netrant.
600 1954 799 2027 Fasciculus
811 1954 931 2051 itaque
942 1953 1116 2050 abjiciunt
1127 1967 1165 2026 et
1174 1952 1311 2050 gladios
1328 1952 1499 2025 educunt.

429 2070 537 2143 Tubis
561 2088 773 2171 personant,
805 2074 1014 2170 magnisque
1036 2069 1252 2144 clamoribus
1269 2069 1403 2143 'urbem
1418 2094 1505 2142 oon·

431 2186 588 2260 turbant.
605 2188 834 2286 Urbaniergo
845 2187 991 2261 insidias
1003 2188 1283 2289 comperientes,
1303 2188 1506 2260 cumarmis

432 2305 469 2374 in
488 2303 610 2376 hostes
622 2305 796 2378 seruntur.
824 2310 961 2378 Instant
976 2330 1119 2397 omnes,
1144 2320 1180 2378 et
1191 2302 1407 2378 validissime
1430 2304 1508 2403 plu·

435 2427 515 2497 rimi
532 2450 667 2527 paucos
686 2426 873 2525 adurgent.
890 2432 934 2501 tt
945 2429 1031 2526 regii
1048 2426 1196 2519 milites,
1226 2450 1250 2499 a
1264 2425 1345 2499 leva
1360 2426 1507 2527 quidem

435 2543 546 2635 tuni,
577 2569 598 2617 a
620 2544 744 2617 dextra
760 2570 846 2617 vero
865 2544 1051 2636 domibus,
1078 2570 1100 2619 a
1125 2559 1225 2645 tergo
1251 2558 1373 2616 autem
1400 2568 1506 2615 muro

435 2659 533 2733 urbis
543 2661 834 2762 protegebantur,
855 2687 1002 2735 omnem
1017 2662 1092 2734 vim
1107 2660 1193 2736 belli
1210 2675 1292 2733 ante
1311 2658 1505 2748 habentes3

436 2777 534 2850 uude
545 2792 581 2850 et
592 2780 702 2851 tutius
719 2776 1055 2877 congrediebantur.
1073 2781 1146 2849 Nec
1163 2775 1310 2849 ulterius
1332 2774 1370 2847 in
1387 2772 1509 2847 hostes

437 2893 617 2968 audebant
629 2896 815 2996 progredi,
830 2920 878 2969 ne
895 2891 1088 2967 adversarii
1108 2918 1132 2965 a
1148 2908 1247 2991 tergo
1264 2908 1408 2994 portam
1428 2916 1509 2991 per·

437 3034 558 3083 vasam
572 3025 787 3113 repeterent,
809 3027 845 3085 et
861 3037 908 3085 ne
920 3012 972 3083 sio
985 3012 1068 3085 facti
1085 3008 1246 3083 hostium
1258 3008 1390 3099 medii,
1405 3010 1510 3082 inter·

437 3134 541 3205 irent.
574 3138 684 3206 lnstat
708 3135 828 3232 itaque
851 3134 1002 3234 quisque
1027 3133 1065 3203 in
1091 3132 1181 3213 loco
1200 3156 1310 3231 quem
1335 3130 1506 3231 possidet.

438 3252 483 3320 Et
492 3250 567 3347 jam
580 3248 731 3323 nimium
744 3275 871 3324 omnes
890 3250 1035 3323 sauciati
1057 3274 1150 3349 pene
1173 3248 1405 3340 deficiebant,
1424 3273 1509 3321 cum

438 3367 541 3463 regiae
560 3365 727 3439 cohortes
747 3367 841 3439 tubis
866 3369 1048 3459 excitam,
1075 3367 1121 3438 ab
1141 3366 1272 3439 abditis
1292 3380 1506 3467 erumpunt,

439 3482 623 3582 multoque
636 3484 853 3585 impetujam
866 3510 982 3584 prope
992 3483 1093 3556 victis
1104 3483 1341 3576 subveniunt,
1356 3498 1511 3584 portam·

439 3624 510 3698 que
538 3599 720 3675 defensam
746 3602 1018 3700 ingrediuntur,
1052 3616 1158 3699 atque
1180 3600 1337 3675 tubcnos
1362 3600 1510 3673 iuuuani

436 3716 534 3789 cede
547 3716 769 3791 adoriuntur.
787 3719 859 3806 Qui
871 3743 956 3790 mox
967 3743 990 3791 a
1007 3717 1215 3791 cohortibus
1225 3718 1331 3809 victi,
1356 3742 1400 3789 ac
1415 3740 1511 3789 oom-

438 3832 605 3932 prehensi
618 3850 717 3927 sunt,
742 3852 870 3936 preter
891 3860 1027 3936 paucos
1043 3836 1106 3935 qui
1126 3836 1165 3908 in
1187 3836 1293 3908 turris
1307 3834 1509 3935 presidium

440 3974 516 4025 sese
529 3967 752 4051 recepenrnt.

478 4184 485 4216 ¹
507 4186 559 4238 loco
570 4187 718 4241 verborum:
733 4188 766 4241 Et
779 4208 803 4243 c.
820 4209 843 4242 c.
865 4189 1025 4271 colligendos
1036 4192 1062 4241 in
1073 4190 1182 4259 margins
1192 4189 1308 4261 scriptino
1315 4207 1325 4238 .·
1333 4184 1413 4240 Unde
1420 4186 1506 4238 etiarm
