3417 5392
466 570 526 629 186
832 562 999 625 lllCllElll
1022 564 1096 625 LlB.
1121 564 1164 623 ll.

462 688 650 785 episcopus
673 709 756 756 eum
781 686 1109 785 supervenientium
1133 684 1291 757 hostiurn
1315 700 1414 757 metu
1434 687 1534 758 terri·

464 819 532 893 tus,
552 804 589 873 in
612 801 803 874 aecclesiam
823 800 943 898 fugere
971 817 1168 898 cogeretur,
1191 826 1338 873 suorum
1362 801 1535 875 densitate

464 944 654 1018 oppressus
676 942 717 989 ac
739 916 930 989 suffocatus
947 933 1011 989 est.
1040 920 1211 991 Brittanni
1238 920 1275 989 in
1300 918 1376 1016 ipso
1398 920 1535 1019 impetu

463 1038 597 1109 viribus
607 1036 807 1135 resumptis,
823 1035 944 1107 hostes
961 1035 1007 1111 ab
1021 1036 1109 1107 urbe
1127 1034 1329 1109 vehementi
1346 1037 1535 1107 conamine

464 1153 716 1253 reppulerunt,
742 1152 892 1251 illosque
910 1152 1029 1224 adorsi
1054 1153 1150 1251 gravi
1175 1154 1270 1225 caede
1290 1152 1470 1226 fuderunt.
1492 1159 1537 1225 At

465 1272 649 1361 Brittanni,
664 1270 891 1368 prosperiore
908 1268 1059 1341 fortunae
1077 1294 1241 1341 successu
1254 1269 1456 1360 confortati,
1470 1284 1537 1341 ter·

464 1390 512 1461 tia
537 1386 660 1459 itidem
680 1385 737 1459 die
754 1385 901 1459 classem
926 1385 1139 1485 pervadunt,
1170 1386 1532 1483 congrediunturque.
1559 1396 1577 1432 0

464 1506 505 1575 ln
516 1517 616 1600 parte
635 1516 784 1599 utraque
809 1503 990 1575 innumeri
1007 1502 1087 1575 fusi.
1108 1504 1280 1575 Brittanni
1305 1527 1391 1573 vero
1408 1503 1535 1574 adver·

465 1620 639 1689 sariorum
663 1618 784 1715 copias
801 1643 877 1689 non
896 1620 1003 1717 passi,
1023 1620 1062 1691 in
1085 1619 1206 1717 fugam
1229 1618 1401 1691 feruntur.
1429 1623 1535 1690 Nort-

465 1736 588 1806 manni
601 1749 719 1806 autem
737 1736 885 1808 victoria
900 1737 1018 1834 potiti,
1033 1737 1299 1807 Brittannorum
1312 1734 1399 1806 alios
1417 1734 1534 1832 gladio

463 1852 644 1942 occidunt,
674 1852 761 1924 alios
782 1854 820 1924 in
847 1854 975 1925 linctus
999 1868 1148 1950 cogunt,
1175 1852 1263 1923 alios
1286 1876 1373 1922 vero
1401 1875 1422 1921 a
1445 1852 1534 1921 Brit·

464 1968 591 2049 tanniae
605 1967 736 2039 finibus
750 1969 945 2060 eliminant,
966 1985 1092 2071 preter
1104 1970 1171 2042 hos
1189 1971 1252 2069 qui
1265 1969 1440 2041 servitutis
1447 1968 1535 2066 jugo

464 2080 567 2155 subdi
581 2108 657 2155 non
670 2110 887 2159 recusavere.

545 2278 633 2330 XLII.
645 2309 682 2320 -
689 2280 745 2333 Rex
755 2282 772 2315 l*
784 2294 881 2335 terram
895 2282 1147 2336 Nortmannorum*
1161 2280 1282 2353 pervadit
1291 2282 1413 2357 rapitque
1423 2282 1451 2334 ⁴⁸.

510 2419 591 2502 Quo
606 2416 653 2487 ad
670 2419 762 2513 regis
780 2443 884 2492 aures
901 2420 1050 2517 perlato,
1070 2420 1257 2494 Amulium
1282 2445 1325 2495 ac
1348 2420 1534 2493 Erluinum

462 2533 627 2623 comites,
662 2534 839 2641 simulque
868 2551 904 2607 et
931 2537 1144 2633 Bmgundiae
1167 2539 1355 2636 episcopos
1385 2537 1533 2634 aliquot,

465 2674 527 2720 rex
545 2651 693 2721 accersit
715 2650 967 2749 (praesenserat
987 2655 1119 2725 etenim
1145 2678 1272 2725 eorum
1296 2652 1491 2725 nonnullos
1515 2680 1536 2726 a

463 2764 534 2837 fide
553 2766 733 2857 defecisse,
754 2769 967 2866 Hugonique
980 2768 1154 2864 cessisse),
1170 2794 1211 2841 ac
1228 2794 1312 2840 eum
1325 2770 1481 2841 exercitu
1499 2772 1534 2841 in

460 2906 526 2953 eos
544 2883 665 2953 fertur.
687 2883 853 2955 Arnulfus
867 2910 950 2957 cum
964 2886 1036 2957 suis
1055 2911 1176 2983 regem
1193 2885 1409 2987 praecedens,
1431 2890 1534 2957 Nort-

464 3021 628 3089 mannOS,
650 3000 713 3097 qui
723 3000 903 3074 custodias
916 3000 1166 3093 observabant,
1183 3002 1313 3074 utiliter
1326 3026 1536 3100 congressus

462 3116 559 3214 apud
584 3117 709 3201 Arcas⁴
733 3116 836 3207 ludit,
865 3144 906 3191 ac
928 3120 1002 3217 regi
1029 3122 1207 3192 incessum
1237 3118 1428 3218 expedivit.
1464 3122 1535 3190 Ber

463 3230 693 3305 Rhodomum
715 3234 874 3325 veniens,
895 3234 941 3305 ab
962 3235 1004 3309 iis
1026 3235 1089 3333 qui
1115 3232 1200 3306 lidei
1223 3250 1421 3307 servatores
1439 3234 1535 3311 fuere

461 3364 629 3447 exceptus
652 3362 716 3421 est.
746 3354 953 3421 Desertores
970 3375 1056 3422 vero
1084 3376 1182 3426 mare
1204 3366 1378 3449 petentes,
1399 3350 1534 3431 amoliti

460 3479 563 3556 sunt,
576 3464 769 3563 municipia
786 3490 873 3539 vero
886 3467 999 3567 copiis
1015 3469 1154 3540 munita
1170 3467 1357 3565 reliquere.
1380 3472 1455 3541 Rex
1465 3492 1536 3541 ma·

462 3581 580 3653 lorum
592 3583 719 3659 nimias
738 3606 814 3654 esse
825 3584 947 3681 copias
960 3582 1205 3674 considerans,
1218 3583 1265 3655 ab
1278 3588 1430 3682 Hugone
1444 3585 1534 3657 duoe

462 3700 640 3796 suppetias
650 3699 908 3796 congrediendi
924 3724 990 3799 per
1004 3698 1139 3797 legatos
1152 3699 1320 3799 postulat.
1342 3704 1387 3772 Et
1397 3715 1442 3772 ut
1458 3702 1534 3798 ipse

463 3838 546 3885 cum
562 3814 816 3889 sufficientibus
829 3818 942 3916 copiis
952 3817 1084 3910 veniat,
1104 3818 1314 3915 Bajoearum
1331 3817 1460 3890 urbem
1472 3818 1530 3907 ita,

462 3930 518 4001 si²
546 3956 626 4002 eam
653 3956 736 4004 curn
767 3932 913 4032 reliquis
935 3948 1125 4035 expugnet,
1155 3932 1415 4010 accommodat.
1451 3938 1530 4007 Dux

387 4164 389 4171 .
495 4124 512 4159 ⁴
530 4126 807 4190 R,N‚r‚cahseisa.

498 4209 506 4239 ¹
527 4209 690 4261 archascorr.
709 4228 790 4263 arcas.

496 4292 509 4329 ⁸
527 4304 556 4348 tlt
567 4310 629 4345 corr.
643 4294 673 4345 sl.
