3417 5392
469 553 528 613 rto
829 521 994 616 monum
1015 553 1091 618 ns.
1115 554 1158 614 11.

467 695 632 762 aureum,
656 671 744 744 alter
764 696 849 745 vero
872 673 1035 747 ferreum.
1070 677 1149 746 «Et
1174 672 1256 746 vide
1272 703 1314 764 u,
1340 673 1528 771 inquiunt,

470 787 588 885 «quid
605 789 642 860 in
664 787 721 860 his
745 789 920 888 perpendi
936 789 1061 861 valeat.
1074 817 1092 857 n
1115 793 1196 877 Quo
1216 788 1304 888 quid
1322 804 1414 861 esset
1438 790 1533 886 igno-

468 919 585 995 rante,
617 902 667 975 illi
690 920 950 1003 prosecuntur:
977 935 995 973 u
1011 910 1052 976 ln
1080 929 1167 976 auro
1189 905 1286 980 dona
1313 905 1469 1004 egregia,
1499 906 1535 976 in

472 1017 594 1091 «ferro
624 1019 765 1092 vincula
785 1021 935 1093 carceris
955 1036 1053 1120 puta.
1081 1025 1190 1094 Instat
1217 1021 1349 1095 etenim
1371 1036 1534 1120 tempus,

350 1219 359 1228 ,
472 1165 490 1200 «
503 1160 576 1232 quo
587 1151 623 1208 et
635 1137 810 1236 oppidum
819 1135 892 1214 hoc
904 1139 942 1208 in
952 1137 1010 1233 jus
1022 1137 1165 1210 alterius
1175 1137 1360 1212 concedat.
1376 1136 1539 1210 Tacenda

464 1281 490 1317 -«
503 1251 578 1324 hmo
595 1267 663 1324 tuae
680 1252 764 1325 lidei
782 1253 1049 1325 committimus.
1075 1257 1142 1326 Res
1158 1254 1261 1326 vobis
1278 1255 1405 1328 nesciis
1421 1253 1540 1352 dispo

475 1368 571 1440 «sita
582 1383 655 1441 est.
663 1373 735 1440 Nos
751 1394 896 1466 quoque
914 1369 951 1440 id
969 1370 1085 1469 ipsum
1107 1372 1249 1469 penitus
1259 1372 1477 1468 ignoramus.
1500 1373 1542 1439 At

475 1485 557 1557 «rei
578 1508 756 1571 stunmam
776 1485 866 1557 scire
886 1510 960 1556 non
984 1510 1165 1583 negamus.
1186 1491 1339 1560 Mortem
1358 1485 1542 1583 loquimur

476 1631 494 1668 n
506 1616 569 1673 aut
585 1600 739 1673 exilium.
761 1600 866 1672 Unde
883 1617 919 1673 et
934 1600 1001 1673 tibi
1013 1601 1177 1674 Amulius
1194 1627 1315 1674 comes
1332 1599 1539 1687 consulens,

476 1745 494 1782 a
505 1715 629 1786 firturae
641 1715 751 1788 cladis
767 1716 1003 1788 calamitatem
1014 1742 1080 1817 per
1097 1742 1161 1790 sua
1173 1717 1305 1790 indicia
1316 1715 1540 1815 significavit;

477 1830 656 1904 «hortans
676 1847 717 1904 ut
735 1833 782 1905 ad
801 1858 876 1905 sese
890 1848 1063 1926 transeas,
1083 1850 1119 1907 et
1130 1833 1177 1905 ab
1194 1859 1238 1906 eo
1259 1835 1337 1906 auri
1354 1848 1391 1905 et
1408 1831 1543 1928 argenti

479 1949 676 2046 «insignia,
701 1964 947 2048 terrarumque
964 1952 1106 2049 copiam
1122 1974 1164 2021 ac
1181 1949 1334 2022 militum
1352 1945 1545 2022 multitudi-

480 2092 498 2130 α
510 2088 594 2135 nem
605 2065 773 2166 accipias,
790 2091 874 2137 cum
885 2065 983 2138 dono
994 2067 1097 2164 regis.
1113 2070 1154 2137 ln
1167 2049 1295 2138 manus
1306 2070 1544 2138 Nortmanno·

481 2209 499 2248 n
511 2206 609 2272 rum,
624 2207 695 2280 qua
712 2197 787 2254 arte
798 2183 994 2276 nescimus,
1015 2184 1053 2254 in
1070 2183 1235 2282 proximo
1257 2183 1331 2254 sitis
1343 2180 1540 2254 deventuri.

481 2301 557 2368 «Et
573 2298 661 2394 quid
682 2321 788 2398 super
810 2299 866 2370 his
890 2299 954 2370 tibi
974 2301 1090 2370 visum
1113 2300 1233 2390 fuerit,
1256 2300 1372 2372 amico
1392 2323 1459 2398 per
1479 2321 1544 2368 uos

482 2442 501 2479 «
513 2413 729 2512 respondere
748 2441 794 2486 nc
812 2415 995 2487 differas.»
1015 2415 1076 2487 llle
1096 2415 1287 2514 cupiditate
1305 2415 1450 2505 ductuS,
1467 2438 1546 2512 pro
1675 2443 1676 2524 3

480 2529 678 2602 ditionem·¹
698 2531 895 2604 addubitat.
918 2532 1071 2605 Herebat
1088 2557 1172 2629 ergo
1195 2548 1352 2632 stupens.
1375 2527 1547 2627 Proponit
1675 2529 1676 2552 ³

481 2645 548 2719 aibi
560 2646 705 2719 tandem
724 2647 937 2746 proditionis
954 2647 1125 2739 dedecus,
1151 2673 1194 2721 ea
1214 2672 1319 2747 posse
1342 2645 1547 2718 necessitate

482 2765 642 2862 purgari,
663 2764 762 2863 quod
783 2789 908 2836 omnes
926 2765 1126 2864 oppidanos
1148 2765 1185 2837 in
1206 2765 1371 2863 proximo
1390 2776 1452 2834 aut
1469 2785 1548 2832 exu-

482 2878 617 2951 laturos
633 2896 694 2952 aut
712 2883 904 2953 morituros
923 2881 990 2953 sibi
1006 2881 1173 2954 innotuit.
1202 2879 1447 2952 Proditionem
1464 2901 1546 2974 ergo

485 2995 654 3091 spondet,
669 3021 711 3067 ac
719 2997 857 3094 juratus
868 2996 977 3069 fidem
993 2995 1066 3069 dat.
1088 3001 1159 3068 Nec
1175 2997 1292 3069 minus
1305 3011 1341 3067 et
1353 2993 1406 3067 illi
1417 2993 1463 3065 de
1475 2992 1548 3092 pol·
1675 3019 1676 3080 ,

485 3109 587 3181 licitis
607 3112 738 3209 jurant.
767 3117 920 3213 Tempus
939 3115 1086 3186 facinori
1112 3114 1234 3205 datur,
1262 3138 1304 3185 ac
1327 3125 1546 3184 sacramento

487 3224 659 3300 firmatur.
680 3231 798 3328 Legati
815 3227 977 3328 digressi,
999 3256 1074 3304 sese
1086 3232 1298 3332 persuasisse
1316 3229 1485 3303 referunt.

678 3797 742 3848 XII.
753 3800 927 3868 —lngresms
936 3799 952 3832 *
964 3798 1066 3851 Amulfi
1079 3799 1107 3850 in
1119 3797 1365 3850 Monasteriolnm'.
1469 3847 1472 3854 ,

540 3942 703 4014 Arnulfus
721 3945 839 4041 itaque
857 3945 1009 4017 militum
1031 3944 1224 4017 electorum
1241 3944 1382 4043 copiam
1405 3940 1546 4038 colligit,

491 4060 626 4131 memus
638 4061 823 4156 quaesitum
834 4077 1047 4159 patraturus.
1065 4067 1205 4158 lterque
1216 4086 1365 4160 carpens
1374 4083 1462 4132 cum
1473 4057 1551 4129 dua·

527 4253 542 4283 *
561 4272 618 4319 sus,
635 4272 670 4307 na
682 4253 784 4304 abscisa.

528 4339 536 4368 ¹
556 4357 584 4408 p.
597 4337 709 4408 spondet
719 4357 750 4390 ac
763 4340 863 4408 juratus
877 4337 957 4390 fidem
970 4337 1014 4390 dat
1030 4341 1054 4389 l.
