3417 5392
468 551 526 609 132
831 541 998 606 lttcttttttl
1019 541 1094 605 tlt.
1118 541 1162 601 ll.

464 693 585 766 regem
610 691 681 740 suae
701 665 961 765 procurationis
986 659 1254 762 dispositionem
1279 657 1449 757 repulisse
1472 655 1530 726 ad-

464 802 624 877 vertens,
656 783 879 856 Herihertum
908 782 1076 854 comitem
1102 777 1168 850 sibi
1192 775 1349 864 asciscit,
1377 773 1531 873 plurima

465 901 560 1001 apud
574 901 705 973 eumirt
718 900 809 997 regis
819 895 1072 971 contumeliam
1083 909 1311 994 pertractans.
1334 891 1530 963 Amicitiam

465 1019 556 1090 inter
566 1043 643 1090 sese
659 1033 821 1089 mutuam
837 1012 1102 1090 conditionibus
1112 1012 1291 1108 utrimque
1301 1007 1529 1084 confirmant.

466 1269 530 1319 VII.
545 1297 581 1310 -
591 1267 741 1321 floribertus
755 1279 868 1320 matrum
882 1263 1066 1318 Teodericium
1085 1261 1150 1316 dolo
1168 1261 1252 1332 capit,
1272 1278 1303 1313 ac
1322 1257 1485 1330 proditorem
1504 1261 1531 1313 in

876 1354 981 1408 vincula
995 1353 1111 1425 conjicit.

514 1527 717 1600 Heribertus
727 1527 846 1623 itaque
854 1527 1057 1618 Walouem,
1070 1527 1161 1624 regis
1171 1524 1326 1614 fidelem,
1342 1525 1404 1622 qui
1413 1541 1528 1596 castro

465 1644 564 1744 quod
584 1644 791 1717 Theoderici
810 1644 939 1716 dicitur
956 1660 1118 1743 praerat,
1138 1645 1176 1715 in
1195 1641 1279 1713 dolo
1298 1639 1399 1731 adiit,
1421 1666 1463 1712 ac
1485 1637 1530 1712 de

467 1761 660 1858 transfugio
676 1760 777 1832 illum
790 1761 992 1858 alloquitur.
1005 1765 1077 1832 Nec
1088 1760 1149 1831 diu
1168 1772 1339 1849 moratuS,
1352 1757 1502 1856 decepto
1515 1755 1524 1790 ³

462 1878 672 1978 persuadet,
699 1879 834 1975 majora
848 1879 1037 1977 pollicens,
1057 1902 1099 1948 ac
1117 1876 1218 1976 plura
1231 1866 1454 1973 promittens.
1470 1871 1530 1944 llle

465 2020 551 2066 mox
561 1994 607 2065 dc
620 1979 784 2094 pollicitis
790 1993 1041 2091 jusjurandum
1051 1993 1221 2092 postulat,
1237 1991 1412 2090 postulata
1426 2015 1532 2061 asese

465 2111 516 2183 sic
533 2109 708 2183 facturum
726 2110 919 2210 spondeus.
939 2111 1112 2181 Tirannus
1133 2108 1282 2180 libenter
1304 2105 1440 2178 annuit.
1463 2111 1534 2178 Nec

466 2227 584 2299 minus
606 2241 642 2298 et
663 2225 841 2322 transfuga
857 2227 1012 2322 juratus,
1037 2240 1177 2323 tempus
1194 2222 1369 2323 patrando
1388 2223 1535 2294 facinori

467 2341 697 2413 demonstrat.
719 2347 836 2413 lmmo
853 2357 889 2412 ct
909 2342 1036 2413 tiranni
1058 2339 1223 2411 manibus
1239 2365 1314 2412 sese
1325 2339 1453 2410 exinde
1471 2341 1533 2410 mi·

466 2456 646 2529 litaturum
664 2459 869 2547 committit,
890 2483 932 2528 ac
945 2457 1128 2549 exmilitia
1146 2455 1255 2527 fidem
1272 2454 1530 2527 accommodat.

466 2576 548 2660 Quo
557 2589 702 2672 peracto
722 2575 760 2646 in
777 2599 841 2646 sua
854 2573 1054 2645 discedunt.
1074 2577 1228 2704 Tempus
1241 2571 1399 2644 advenit·
1391 2570 1532 2661 ,Walo,

467 2689 637 2760 simulatis
646 2690 817 2786 negotiis,
832 2689 959 2760 milites
974 2690 1087 2786 regios
1106 2690 1168 2787 qui
1181 2715 1301 2760 secum
1314 2704 1488 2800 preerant
1498 2689 1533 2759 in

467 2779 618 2896 diversa,
629 2830 701 2876 acsi
714 2807 804 2902 regis
817 2831 960 2878 causam
971 2805 1138 2894 facturos,
1150 2803 1347 2903 disponit
1339 2829 1413 2902 ipse
1421 2819 1537 2876 castro

468 2938 638 2994 evacuato
656 2923 753 2994 solus
766 2945 850 2994 cum
863 2901 1001 2993 famulis
1013 2915 1233 3020 relinquitur.
1255 2926 1326 2994 Nec
1335 2920 1536 2992 defuitcum

468 3040 617 3112 cohorte
634 3040 806 3110 tirannus.
837 3039 907 3125 Qui
926 3064 948 3109 a
966 3039 1145 3134 transfuga
1161 3052 1360 3136 susceptus,
1376 3051 1536 3110 castrum

468 3155 665 3253 ingreditur
694 3169 801 3253 atque
835 3170 1007 3253 occupat3
1040 3155 1257 3252 intuitusque
1282 3153 1533 3250 transfugam:

471 3277 672 3362 «Putasne,
701 3299 719 3339 u
738 3271 877 3368 inquit,
903 3301 921 3338 u
935 3285 1002 3342 tuae
1021 3296 1113 3342 curae
1132 3269 1306 3369 oppidum
1330 3269 1401 3340 hoc
1428 3294 1539 3341 rescr-

469 3387 652 3460 vandum?
663 3369 681 3454 ri
695 3392 918 3486 Captumque
931 3411 1015 3458 mox
1027 3387 1064 3457 in
1075 3386 1216 3458 vincula
1226 3385 1380 3481 conjicit,
1395 3387 1537 3483 suisque

470 3506 575 3577 castri
591 3503 789 3576 custodiam
807 3503 931 3574 donat.
954 3507 999 3574 Et
1011 3518 1116 3574 nocte
1129 3502 1199 3573 diei
1212 3502 1447 3594 succedente,
1464 3501 1537 3574 oeli

471 3647 553 3720 pars
567 3621 772 3720 'prodigiose
792 3621 945 3693 flammis
962 3618 1227 3718 erumpentibus
1242 3620 1280 3690 in
1298 3621 1539 3718 septentrione

471 3737 597 3809 ardere
612 3739 685 3809 visa
704 3752 769 3809 cst.
790 3740 871 3824 Qua
890 3737 996 3808 etiam
1010 3759 1094 3807 mox
1106 3737 1332 3834 prosequitur
1347 3751 1382 3807 et
1399 3741 1541 3834 Hunga·

471 3879 596 3926 rorum
616 3879 682 3952 per
698 3853 828 3925 Gallias
851 3854 1037 3952 repentina
1055 3854 1264 3954 persecutio.
1293 3853 1364 3940 Qui
1386 3853 1538 3923 nimium

472 3971 651 4044 saevientes
666 3969 701 4060 ²,
721 3970 914 4068 municipia
933 3969 1086 4066 aliquot,
1106 3969 1275 4066 villasque
1300 3983 1335 4041 et
1355 3993 1459 4066 agros
1478 3968 1541 4040 de·

508 4227 516 4257 ¹
536 4224 702 4297 pusillanimo
718 4226 744 4276 l.

507 4309 519 4340 ³
536 4329 558 4360 s.
575 4309 611 4360 ob
625 4307 777 4380 principum
792 4307 968 4362 dissidentiam
981 4311 991 4361 l
998 4349 1004 4361 .
