3417 5392
474 531 514 587 :to
847 522 1011 584 nlcnuut
1036 518 1111 584 ΗΒ.
1136 521 1162 579 Ι.

471 649 588 734 frater,
608 644 662 724 vir
673 641 866 714 industrius
879 657 984 740 atque
996 640 1136 714 audatia
1153 639 1339 740 piurimus,
1357 667 1432 714 sese
1450 643 1539 714 miti-

473 779 628 835 taturum
650 761 723 857 regi
739 758 1027 831 accommodat&
1055 762 1172 844 Quem
1190 757 1296 827 etiarn
1320 780 1381 828 rex
1401 756 1539 828 settim

472 882 600 953 ducem
618 876 779 978 preficit,
795 900 837 947 ac
853 876 891 953 in
910 901 951 947 ee
969 875 1131 946 omnium
1149 872 1388 971 gerendorum
1400 873 1540 945 ordina·

472 1013 587 1068 torem
603 988 782 1082 coneedit3
805 991 900 1088 ejus²
920 991 992 1064 fere
1013 1014 1077 1088 per
1098 989 1373 1086 quadriennium
1389 989 1539 1062 consilio

472 1127 590 1201 utens,
607 1111 710 1207 eique
723 1107 920 1179 admodum
938 1126 1185 1178 consuescens.
1213 1111 1241 1176 Α
1261 1130 1334 1202 quo
1351 1131 1416 1205 per
1433 1109 1540 1179 Neus·

471 1227 574 1298 trium
586 1225 796 1320 deductus³,
818 1223 965 1295 urbibus
983 1238 1089 1319 atque
1102 1221 1243 1321 oppidis
1260 1221 1306 1294 ab
1319 1246 1363 1293 eo
1377 1237 1539 1321 receptus

470 1358 534 1412 est.
556 1341 759 1438 Urbemque
774 1340 987 1410 Turonicam
1008 1355 1149 1437 petens,
1174 1337 1326 1438 plurima
1343 1339 1419 1409 auri
1431 1354 1539 1436 atque

470 1456 764 1556 urgentissima,
788 1471 912 1527 saneto
934 1450 1086 1525 Martino
1104 1453 1293 1525 liberaliter
1315 1453 1483 1554 impertit.
1513 1461 1539 1526 A

468 1573 805 1670 cujusservitoribus
815 1597 882 1673 pro
894 1597 969 1643 sese
978 1568 1055 1643 fieti
1064 1570 1331 1671 deprecationes
1339 1571 1536 1670 postulans,

467 1691 642 1789 perpetim
664 1689 860 1761 cotidianas
892 1687 1056 1760 obtinuit.
1087 1686 1175 1760 Inde
1206 1712 1351 1786 quoque
1371 1688 1539 1762 omnibus
1615 1689 1617 1694 ’

468 1807 622 1878 obtentis
631 1783 1112 1904 rediens‚Belgicambepetit‚
1121 1828 1162 1878 ac
1168 1806 1538 1902 SanctumRemigium

468 1923 572 1993 donis
585 1924 731 2020 egregiis
742 1923 909 1993 honorat.
932 1925 976 1991 Et
992 1922 1042 1992 sic
1065 1919 1234 1992 Rotberto
1253 1921 1387 1992 Gallia⁴
1406 1922 1536 1996 Celtica

467 2037 606 2128 tulleta,
622 2040 661 2110 in
673 2037 882 2112 saxoniam*
901 2035 1048 2140 secedit3
1070 2036 1170 2133 cujus
1182 2037 1288 2110 urbes
1300 2037 1473 2136 sedesque
1486 2065 1536 2112 re·

376 2173 379 2184 ·
466 2155 539 2249 gias
546 2153 701 2226 lustrans
710 2177 794 2225 cum
802 2151 956 2252 oppidis,
969 2152 1068 2225 nulio
1078 2153 1250 2226 renitente
1261 2153 1425 2226 obtinuit.
1444 2156 1531 2228 Ubi⁶

467 2271 574 2340 etiam
591 2271 906 2366 Heinricrun-regio
920 2291 1048 2366 genere
1061 2269 1238 2360 inclitum,
1259 2295 1301 2346 ac
1318 2272 1401 2344 inde
1418 2275 1535 2345 oriun-

466 2385 567 2475 dum,
579 2385 708 2459 ducem
717 2384 1050 2485 omnibuspraeficit.
1064 2386 1258 2458 Sarmatus'¹
1273 2384 1407 2484 absque
1413 2390 1534 2487 praebo

466 2501 627 2573 subditos
647 2502 782 2576 babuit.
804 2501 954 2598 Angios⁸
976 2525 1122 2599 quoque
1138 2523 1179 2572 ac
1197 2501 1351 2599 reliquos
1368 2517 1535 2576 transma-

466 2618 628 2693 rinorum
640 2618 811 2719 populos,
832 2618 923 2697 mira
939 2617 1199 2712 benivolentia⁹
1226 2616 1292 2688 sibi
1312 2619 1443 2716 edegit.
1469 2623 1534 2692 Vix

464 2753 588 2811 tamen
607 2732 638 2772 ⁴⁰
660 2757 729 2834 per
745 2733 959 2828 decennium
981 2733 1028 2802 ⁴⁰.
1053 2735 1097 2803 Et
1114 2731 1204 2804 forte
1227 2733 1444 2808 blicissirnus
1471 2763 1533 2836 per

469 2856 592 2927 omnia
609 2852 742 2939 fuisset,
759 2851 838 2920 siin
853 2873 927 2920 uno
944 2849 1096 2921 nimium
1112 2871 1187 2919 non
1201 2867 1360 2923 enasset.

503 3086 511 3116 ¹
531 3103 555 3136 a.
569 3060 698 3152 Reiergo
708 3080 871 3152 principibus
881 3080 998 3150 stipante.
1017 3095 1047 3132 ac
1062 3079 1145 3132 mutu
1160 3097 1267 3132 suorum
1278 3082 1402 3154 obsequio
1418 3083 1530 3138 inclita„

466 3186 540 3220 more
551 3167 623 3238 regio
634 3167 703 3235 leges
713 3161 814 3222 condit.
831 3181 862 3215 sc
873 3160 980 3216 decreta·
988 3160 1075 3214 edicit.
1089 3161 1244 3218 Rotbertum
1254 3178 1358 3234 quoque
1369 3163 1459 3218 deleta.

501 3252 512 3283 ²
530 3270 554 3303 e.
566 3246 843 3322 plurimum‘delem.

501 3335 513 3364 ⁸
526 3333 559 3386 d.
573 3351 631 3403 qua·
641 3345 680 3384 est
689 3331 855 3401 tsltieaepnn
865 3328 955 3380 deleta.

500 3417 513 3448 ⁴
529 3423 590 3470 Hoec
600 3431 673 3488 usque
684 3414 793 3486 preficit
805 3411 960 3465 Bkt-otardo
978 3419 1069 3481 Uraug.
1084 3416 1108 3464 in
1121 3413 1179 3464 tiu.
1199 3416 1306 3472 Heinriei
1319 3415 1363 3468 sed
1377 3417 1446 3468 haud
1459 3438 1528 3470 accu-

462 3514 517 3553 rate
527 3501 663 3571 exemptis.

501 3587 513 3614 ⁸
530 3583 657 3656 belgimm
668 3600 731 3633 corr,
749 3579 893 3632 saxoniam.

500 3667 512 3698 ⁶
529 3668 583 3719 Ubi
594 3686 667 3739 usque
677 3662 786 3736 preficit
797 3665 939 3733 corrigentis
950 3681 1022 3713 manu
1034 3661 1139 3720 adiecta.

500 3751 511 3781 ¹
529 3752 557 3802 S.
569 3767 673 3821 quoque
683 3747 797 3799 deheim.

502 3834 513 3862 ⁸
531 3833 677 3902 nnglorum
688 3830 791 3887 deletum

501 3918 513 3948 ²
530 3917 560 3968 b.
572 3915 683 3969 militare
698 3913 812 3965 deheim.

505 3999 528 4032 ¹⁰
545 4016 594 4064 en,
608 3999 681 4051 nium
696 3996 789 4048 abscisa
