3417 5392
497 552 556 609 228
861 545 1123 610 ultusultus.
1149 546 1192 609 II.

495 685 613 751 motus
626 668 662 739 iu
677 670 784 756 iram,
802 668 985 757 Rotberto,
994 668 1057 764 qui
1064 667 1193 739 sinodo
1209 683 1368 765 praeerat,
1379 684 1567 740 contume-

494 786 581 857 liose
600 786 751 874 remisit,
774 786 1025 884 episcoporum
1038 784 1174 880 judicio
1192 783 1281 855 nihil
1294 808 1370 856 sese
1387 785 1565 856 facturum

494 927 663 974 asserens.
673 906 717 972 Et
724 902 786 992 sic,
802 926 907 972 causa
918 887 1059 999 penitus
1070 901 1277 991 indiscussa,
1292 901 1439 973 sinodus
1447 902 1566 973 soluta

495 1034 558 1091 est.
576 1020 745 1092 indicitur
759 1043 842 1091 vero
858 1018 966 1090 tercia
979 1017 1126 1091 sinodus
1136 1018 1213 1094 Kal.
1230 1025 1316 1116 Aug.
1338 1018 1519 1092 habenda.

959 1466 1085 1519 LXVIII

540 1639 600 1731 His
618 1638 666 1709 ita
689 1638 814 1733 gestis,
840 1635 1007 1707 Artoldus
1025 1634 1227 1753 epistolam
1231 1633 1279 1705 ad
1300 1632 1420 1705 sedem
1437 1636 1566 1705 Roma·

491 1776 575 1825 nam
598 1753 739 1850 dirigit,
768 1752 1058 1824 commodissime
1076 1745 1343 1837 continentem,
1363 1765 1400 1821 et
1415 1774 1563 1821 suarum

490 1871 698 1966 injuriarum
722 1870 868 1957 seriem,
893 1883 927 1938 et
945 1868 1036 1964 regis
1052 1863 1365 1939 incommodorum
1382 1882 1558 1937 tenorem.

489 1992 651 2057 Domnus
671 1986 788 2083 itaque
808 1985 973 2083 agalitus
990 2008 1101 2083 papa,
1122 1982 1169 2053 ad
1189 1982 1338 2055 multam
1354 1981 1563 2054 benivolen-

490 2100 575 2171 tiam
603 2101 762 2171 animum
791 2095 998 2189 intendens,
1030 2124 1116 2169 mox
1144 2100 1290 2169 accersit
1320 2098 1561 2173 venerabilem

489 2217 689 2287 Ostiensem
713 2216 923 2314 episcopum
943 2215 1137 2304 Marinum,
1162 2238 1298 2311 magnae
1327 2214 1499 2313 aequitatis
1524 2229 1561 2286 et

488 2330 684 2430 prudentiae
705 2330 844 2418 virum,
865 2330 938 2399 vim
953 2329 1111 2428 epistola
1125 2331 1156 2401 ei
1170 2330 1363 2428 explicam,
1388 2346 1424 2401 et
1440 2328 1488 2401 ad
1506 2354 1561 2400 re·

488 2473 569 2518 rum
582 2447 840 2519 correctionem
854 2446 953 2517 illum
971 2434 1277 2519 vehementissime
1299 2447 1459 2518 hortans.
1482 2448 1561 2517 Mit-

488 2564 573 2635 titur
590 2586 674 2661 ergo
692 2562 902 2633 venerabilis
913 2563 1087 2653 Marinus,
1115 2553 1240 2633 domni
1262 2586 1362 2661 papae
1382 2563 1557 2651 vicarius,

488 2679 533 2750 ad
557 2683 726 2751 Ottonem
746 2703 884 2775 regem,
904 2678 953 2749 ob
974 2678 1193 2750 evocandam
1215 2689 1321 2776 atq'ue
1343 2703 1559 2777 congregan-

488 2796 573 2867 dam
587 2796 819 2868 universalem
833 2794 1012 2876 sinodum
1028 2795 1234 2891 Diriguntur
1253 2810 1289 2867 et
1310 2795 1466 2893 epistolae
1483 2819 1560 2892 spc-

488 2912 621 2984 cialiter
639 2912 773 3009 aliquot
795 2911 969 3008 episcopis
990 2924 1063 2981 tam
1074 2912 1270 2982 Germaniae
1291 2935 1400 3024 quam
1411 2908 1555 2998 Galliae,

489 3027 535 3099 ad
557 3054 676 3101 rerum
699 3026 900 3126 aequitatem
923 3028 1098 3099 suasoriae.

630 3233 728 3285 mx.
742 3235 855 3285 -Item
867 3230 997 3285 sinodus*
1012 3232 1083 3304 apud
1096 3232 1271 3304 Augleherm*
1282 3233 1403 3290 habitat

535 3383 673 3451 Interea
689 3394 820 3451 statuto
832 3393 1014 3478 tempore,
1031 3379 1178 3450 sinodus
1192 3379 1398 3450 universalis
1409 3378 1557 3452 collecta

488 3512 594 3568 estex
606 3511 783 3595 praecepto
796 3496 930 3602 Agapiti
942 3520 1063 3593 papa,
1081 3494 1147 3567 sub
1158 3473 1294 3566 Marino
1311 3496 1385 3591 ejus
1397 3496 1552 3585 vicario,

488 3616 524 3683 in
551 3613 681 3711 palatio
706 3610 931 3708 angleheim,
958 3611 1090 3709 quod
1082 3625 1329 3715 interpretatur
1346 3611 1555 3707 angelorum

489 3729 636 3818 domus,
653 3752 754 3799 secus
765 3728 913 3798 fluvium
925 3726 1108 3814 Rhenum,
1135 3728 1171 3798 in
1183 3725 1325 3802 basilica
1334 3724 1429 3799 beati
1441 3730 1556 3800 Remi·

489 3846 535 3941 gii
557 3850 773 3917 Francorum
795 3845 1128 3946 apostoli.‘Domno
1148 3844 1266 3941 itaque
1286 3845 1423 3914 Marino
1440 3846 1556 3945 praesi-

489 3960 616 4049 dente,
642 3962 797 4058 episcopi
810 3985 955 4057 quoque
972 3960 1033 4057 qui
1051 3985 1094 4031 ex
1115 3960 1267 4031 diversis
1283 3961 1552 4049 confluxerant,

486 4077 566 4171 jure
578 4076 820 4147 aecclesiastico
833 4076 1090 4165 consederunt,
1108 4076 1295 4148 Rotbertus
1307 4077 1557 4149 videlicetTre·
1680 4159 1681 4184 χ

526 4290 541 4323 ⁴¹
560 4290 642 4356 edus,
656 4292 710 4361 gle,
725 4292 778 4343 bita
796 4290 899 4341 abscisa.
