3417 5392
860 501 1027 563 RICHEIII
1050 501 1124 562 LIB.
1150 502 1175 560 1.

962 679 1063 731 XLIII.

532 814 585 886 td
602 813 676 883 haec
695 810 766 880 sui*
787 835 794 878 ι
819 837 836 874 «
851 808 1088 878 Pernitiosum
1107 821 1160 878 est
1176 836 1194 874 »
1215 809 1381 904 inquiunt
1404 840 1421 877 a
1435 835 1459 882 o
1479 836 1551 900 rex,

483 965 500 1002 a
513 932 639 1030 juratis
648 953 669 1000 a
675 913 828 1012 domiuo
839 923 1004 1014 deficere,
1017 923 1324 996 sceleratissimum
1332 951 1418 999 vero
1431 945 1555 1000 contra

483 1083 501 1120 ι(
518 1049 707 1122 dominum
720 1060 824 1116 stare.
842 1043 879 1112 Si
897 1041 942 1113 de
961 1041 1142 1113 desertore
1159 1066 1201 1113 ae
1221 1041 1407 1139 transfugis
1426 1045 1551 1140 agitur,

482 1198 500 1236 ι(
517 1167 719 1260 horumque
732 1159 922 1237 nominum
934 1159 963 1228 si
976 1157 1179 1229 advertatur
1192 1158 1448 1256 interpretatio,
1461 1163 1555 1258 quic
1675 1229 1676 1232 ,

482 1315 500 1350 ι(
522 1281 609 1380 quid
623 1278 737 1351 moliti
752 1291 855 1365 sunt,
883 1289 1010 1373 praeter
1024 1275 1082 1370 jus
1102 1289 1155 1346 est
1175 1290 1211 1345 et
1228 1300 1373 1372 equum.
1400 1277 1505 1348 Unde
1523 1295 1554 1350 et
1675 1353 1676 1378 ζ

452 1465 466 1490 ,
482 1432 500 1470 a
522 1401 598 1471 sine
617 1396 727 1469 dubio
746 1397 775 1465 si
792 1418 920 1492 pugnae
938 1392 1127 1463 necessitas
1141 1416 1203 1462 eos
1217 1391 1405 1489 adurgeat,
1427 1393 1553 1465 divini-

483 1547 500 1586 «
523 1517 603 1588 tatis
630 1513 802 1584 ultionem
842 1533 917 1580 non
957 1507 1121 1579 evadent..
1172 1507 1213 1578 ld
1246 1533 1331 1580 vero
1362 1513 1553 1584 certissime

483 1665 500 1702 a
522 1631 680 1717 noveris,
703 1626 801 1697 nullo
820 1624 932 1696 modo
951 1647 1101 1720 regnum
1120 1648 1141 1693 a
1159 1639 1193 1693 te
1212 1625 1464 1720 repetendum,
1489 1629 1553 1700 nisi

483 1781 501 1818 t(
521 1747 617 1845 bello
636 1748 753 1845 ipsum
771 1740 985 1839 aggrediaris
1002 1741 1201 1828 tirannum3
1225 1765 1374 1838 regnum
1392 1760 1552 1842 ereptum

482 1896 499 1933 a
521 1889 596 1935 non
615 1863 810 1959 irrumpes,
832 1858 900 1928 nisi
913 1857 1007 1928 ferro
1021 1857 1115 1927 viam
1137 1856 1311 1929 violenter
1332 1862 1481 1957 aperias.
1516 1867 1553 1932 Et

483 2013 501 2049 α
522 1981 607 2079 quia
616 1979 691 2075 jam
709 2001 806 2048 nunc
818 1999 875 2046 res
892 1998 1050 2072 pugnam
1070 1974 1207 2063 suadet,
1228 1992 1449 2048 sacramento
1469 1977 1555 2051 fides

484 2129 502 2168 a
523 2094 728 2170 adhibenda
745 2107 815 2181 est,
833 2105 884 2180 ut,
901 2089 1006 2160 nobis
1017 2089 1154 2186 juratis,
1176 2091 1282 2161 resin
1296 2092 1464 2190 ambiguo
1481 2120 1554 2166 non

483 2247 500 2285 u
524 2216 579 2286 sit.
597 2213 689 2284 Dein
703 2209 827 2281 saltem
840 2205 1097 2304 quinquaginta
1111 2205 1263 2302 eligendi
1276 2223 1376 2300 sunt,
1397 2211 1460 2307 qui
1480 2236 1555 2282 cer·

483 2364 501 2401 a
523 2327 655 2402 tissime
676 2313 858 2398 tirannum
880 2336 1069 2421 appetant,
1098 2323 1243 2420 vimque
1269 2326 1302 2394 ei
1321 2325 1491 2416 inferant,
1522 2346 1557 2400 ut

484 2479 501 2515 «
524 2468 608 2519 eum
639 2430 723 2514 belli
742 2440 918 2533 >uiolentia
942 2437 1031 2509 alios
1059 2439 1096 2508 in
1119 2439 1206 2510 alios
1232 2443 1475 2538 exagitaverit,
1504 2448 1556 2518 isti

485 2554 667 2635 «tiranno
692 2573 831 2630 tantum
853 2555 1033 2645 laborent,
1056 2555 1312 2656 inventumque
1337 2563 1553 2661 transfigant.

487 2714 505 2751 ι(
526 2679 623 2776 Quid
635 2678 732 2774 enim
745 2673 906 2773 proderit
919 2697 1044 2743 omnes
1057 2672 1225 2762 interfici,
1243 2692 1278 2746 et
1291 2677 1470 2754 malorum
1483 2707 1558 2754 cau·

489 2827 507 2864 a
528 2819 605 2866 sam
618 2790 817 2887 reservari?
830 2817 846 2856 u
869 2792 912 2859 Et
931 2787 1073 2860 decreto
1092 2793 1273 2862 communi
1294 2794 1329 2864 in
1352 2797 1556 2870 norbertum

488 2912 688 3008 conjurant.

976 3041 1075 3098 XLIV.
1159 3079 1161 3084 .

540 3197 624 3265 Mox
641 3207 786 3297 quoque
804 3203 840 3259 et
858 3189 953 3284 regio
972 3189 1072 3283 jussu
1100 3193 1340 3282 accersiuntur
1366 3224 1408 3268 ex
1428 3201 1559 3298 Belgica

493 3313 710 3412 quicumque
723 3306 769 3377 ab
787 3330 868 3402 rege
882 3329 957 3376 non
976 3305 1143 3377 defecisse
1161 3308 1383 3383 videbantur.
1401 3319 1560 3402 Quorum

494 3427 728 3501 collecturum
740 3420 924 3512 numeruS,
942 3435 980 3491 ut
991 3421 1112 3514 fertur,
1131 3425 1189 3496 vix
1208 3427 1245 3497 in
1259 3427 1406 3501 decem²
1424 3433 1562 3508 milibus

496 3544 697 3647 putabatur.
710 3544 755 3611 Et
761 3533 896 3628 tamen,
910 3539 949 3609 in
963 3555 1138 3636 quantum
1147 3538 1298 3642 perspici
1310 3547 1433 3640 valuit,
1449 3551 1563 3625 nullus

498 3659 649 3734 miiitiae⁸
666 3661 808 3756 ineptus
820 3654 994 3727 admissus
1008 3671 1079 3727 est:
1098 3682 1223 3731 omnes
1236 3685 1387 3761 corpore
1397 3667 1560 3762 valentes,

499 3796 536 3852 et
548 3803 623 3850 non
638 3778 768 3847 inertes
779 3795 907 3872 pugnae
920 3800 930 3862 ;
947 3797 1071 3845 omnes
1084 3801 1228 3874 quoque
1242 3778 1278 3849 in
1292 3780 1469 3856 tirannum
1484 3811 1565 3860 una·

500 3899 626 3970 nimes.
648 3893 710 3963 His
726 3916 788 4006 rex
807 3891 1078 3989 circumseptus,
1094 3919 1158 3990 per
1175 3895 1417 3972 Condrucium
1435 3905 1563 3977 Hasba-

536 4093 544 4122 ¹
567 4090 706 4159 Belgarum
717 4096 849 4155 magnates
859 4086 884 4134 t.

536 4175 548 4206 ἱ
567 4174 683 4244 quinque
694 4187 756 4221 corr.
769 4169 825 4232 vl,
838 4185 900 4218 corr.
914 4167 953 4232 X,
968 4166 1052 4218 codes.

535 4257 699 4329 ‘ruerat
741 4259 744 4263 ’
