3417 5392
484 576 545 637 200
838 580 1004 643 tttcflssttt
1026 582 1100 645 ΗΒ.
1123 582 1165 641 11.

482 694 641 794 delegat,
669 697 822 796 plurima
842 701 1045 798 postulans,
1077 701 1196 799 aliqua
1223 700 1330 772 etiam
1356 700 1548 775 intentans.

481 810 691 886 Edmuudus
709 839 853 916 quoque
877 843 940 890 rex
961 819 1007 891 de
1026 818 1161 891 sobrini
1182 818 1330 891 miseriis
1350 816 1442 890 adeo
1461 843 1551 891 oon·

480 946 642 1027 questus,
658 932 776 1005 eidem
792 933 875 1007 duci
888 934 1037 1007 multam
1049 936 1158 1007 animi
1171 933 1453 1031 indignationem
1465 961 1551 1007 suo·

479 1073 559 1120 rum
584 1048 759 1147 legatione
784 1050 1023 1143 demonstrat3
1056 1052 1250 1151 plurimum
1272 1050 1303 1121 si
1325 1074 1401 1121 non
1422 1050 1551 1123 reddat

478 1181 603 1237 contra
615 1166 716 1237 illum
729 1190 804 1238 sese
817 1167 991 1240 facturum
1002 1168 1208 1257 intendens,
1221 1167 1368 1264 insuper
1382 1182 1417 1238 et
1427 1166 1548 1254 hostes

477 1282 511 1353 ei
530 1297 624 1355 terra
641 1284 802 1382 marique
819 1283 1067 1374 inducturum,
1094 1310 1135 1357 ae
1155 1300 1287 1356 terram
1308 1283 1385 1378 ejus
1405 1285 1548 1382 penitus

478 1396 790 1498 depopulaturum.
807 1401 916 1488 Quod
927 1403 957 1473 si
969 1400 1129 1500 quolibet
1138 1399 1324 1473 claudatur
1336 1402 1544 1500 municipio,

477 1513 703 1588 ohsidionem
720 1514 923 1588 vehementi
945 1518 1133 1591 conamine
1157 1517 1418 1608 adhibiturum
1440 1535 1547 1619 atque

478 1631 630 1730 amplius
653 1632 766 1725 duce,
794 1658 832 1705 se
856 1661 879 1706 a
896 1633 1005 1706 Gallis
1033 1649 1264 1733 accepturum
1287 1634 1479 1733 suppetias.
1505 1640 1548 1707 Et

477 1748 546 1819 nisi
563 1772 682 1847 regern
701 1750 739 1821 in
757 1750 921 1848 proximo
943 1747 1086 1842 reddat,
1110 1776 1194 1821 eum
1214 1765 1307 1823 terra
1328 1750 1490 1848 marique
1509 1753 1546 1824 in
1566 1784 1574 1798 ¹

477 1865 642 1968 proximo
656 1863 909 1966 appetendum.

647 2060 679 2113 L.
691 2058 911 2131 -lndignatio*
922 2057 997 2112 ducis
1010 2060 1039 2111 in
1048 2055 1245 2111 Edmundum'
1254 2075 1342 2129 regem
1350 2058 1378 2111 ³.
1444 2112 1447 2119 ,

526 2216 607 2283 Dux
632 2213 727 2309 gravi
751 2212 927 2308 legatione
950 2211 1150 2299 conlectus,
1179 2211 1303 2282 Ottoni
1325 2212 1417 2310 pro⁴
1446 2230 1546 2312 parte

477 2327 659 2419 dissentit,
679 2353 746 2426 pro
758 2344 857 2425 parte
868 2327 973 2399 favet.
989 2328 1090 2424 Regis
1102 2353 1188 2399 vero
1202 2327 1383 2401 Edmundi
1399 2329 1543 2427 legatis,

477 2443 516 2516 id
544 2470 611 2517 uec
638 2444 676 2516 in
705 2446 889 2543 proximo,
917 2468 984 2516 neo
1009 2459 1135 2543 preter
1163 2446 1338 2518 rationem
1367 2448 1547 2544 agendrun

479 2562 690 2662 respondet3
703 2561 751 2634 ob
765 2563 880 2634 minas
891 2561 1085 2658 anglorum
1096 2561 1147 2633 nil
1158 2584 1234 2634 sese
1243 2562 1437 2667 iacturum,
1450 2566 1548 2663 ipsos

479 2679 509 2751 si
531 2678 695 2769 veniant,
716 2677 804 2776 quid
826 2677 990 2750 inarmis
1013 2676 1105 2749 Galli
1127 2677 1289 2769 valeant,
1309 2683 1549 2777 promtissime

479 2810 703 2894 experturos3
718 2793 818 2893 quod
837 2795 867 2865 si
887 2793 1075 2866 formidine
1094 2794 1177 2866 taoti
1199 2818 1275 2865 non
1294 2796 1459 2887 veniant,
1480 2820 1547 2895 pro

478 2914 686 3010 arrogantiae
699 2926 818 2984 tamen
828 2910 1004 3001 illatione,
1020 2909 1204 2981 Gallorum
1221 2910 1313 2981 vires
1330 2909 1548 3009 quandoque

367 3116 375 3125 .
478 3028 702 3126 cognituros,
727 3044 763 3102 et
788 3029 933 3127 insuper
951 3052 1095 3127 poenam
1115 3026 1276 3098 luituros.
1298 3032 1410 3099 Iratus
1427 3028 1546 3127 itaque

477 3140 611 3244 legatos
621 3146 765 3246 expulit.
781 3144 1062 3243 Consultumque
1074 3170 1113 3217 se
1125 3144 1331 3235 conferens,
1345 3144 1442 3243 apud
1462 3171 1545 3217 suos

476 3260 637 3361 partibus
653 3264 763 3335 utitur
780 3261 1044 3334 deliberationis
1056 3255 1122 3353 ,et
1139 3276 1221 3360 post
1237 3261 1460 3354 consultum,
1480 3266 1544 3336 Ot-

476 3393 600 3452 touem
618 3380 758 3478 expetit.
780 3380 851 3467 Qui
869 3404 952 3451 cum
967 3404 1032 3478 per
1048 3378 1183 3477 legatos
1193 3376 1423 3476 colloquendi
1436 3404 1544 3478 opor·

476 3495 663 3569 tunitatem
687 3512 872 3595 quereret,
899 3496 1056 3569 infensus
1085 3497 1118 3568 ei
1148 3494 1248 3594 loqui
1272 3520 1346 3568 non
1374 3497 1540 3596 optinuit,

476 3614 697 3714 nimiumque
727 3616 854 3706 iratus,
881 3614 917 3685 in
941 3638 1003 3685 sua
1026 3612 1204 3702 disoessit,
1231 3635 1273 3683 ao
1295 3637 1443 3685 suorum
1460 3638 1543 3686 usus

474 3731 642 3823 oonsilio,
662 3756 783 3830 regem
800 3731 895 3821 adit,
911 3730 1032 3829 sioque
1044 3728 1260 3826 alloquitur:

509 3982 525 4015 ¹
543 3980 579 4045 ti,
591 3980 627 4044 E,
641 3980 771 4033 rabscisn.

510 4067 518 4103 ¹
538 4083 587 4136 pro
599 4063 726 4116 abscisum.
