3417 5392
476 513 536 571 tao
843 508 1008 570 RICHERI
1031 509 1107 572 LlB.
1131 509 1173 570 ll.

474 638 673 726 Remensis3
695 636 911 709 consedente
924 638 1031 707 etiam
1044 634 1213 725 Artold0,
1231 636 1331 731 cujus
1350 659 1457 706 eausa
1474 635 1547 707 dis·

473 752 639 823 cutienda
658 768 743 825 erat.
770 754 845 825 Ne'
871 753 981 824 abfuit
1007 758 1131 849 Hug0,
1158 768 1193 824 at
1218 752 1386 824 sinodum
1406 752 1545 849 ingredi

474 868 599 939 noluit.
616 870 810 967 Epistolam
822 894 921 960 vero,
937 870 1084 940 nomine
1094 869 1230 968 agapiti
1242 894 1343 968 papae
1355 869 1543 966 signatam,

472 1008 536 1080 per
549 985 660 1055 suos²
682 986 809 1059 sinodo
827 985 1015 1082 legendam
1031 986 1200 1084 porrexit.
1218 989 1305 1073 Quae
1327 1011 1410 1057 cum
1428 987 1546 1057 soluta

473 1113 509 1169 et
521 1098 611 1171 lecta
624 1118 733 1191 esset,
755 1101 842 1172 nihil
861 1101 1041 1172 canonicae
1060 1102 1277 1173 auctoritatis
1296 1099 1428 1175 habere
1445 1102 1546 1176 vide·

473 1215 594 1309 batur,
621 1217 709 1289 nihil
728 1220 835 1289 etiam
861 1242 928 1316 pro
951 1217 1027 1313 ejus
1050 1241 1156 1288 causa
1177 1216 1390 1314 significare,
1414 1220 1483 1289 nisi
1504 1234 1546 1291 ut

473 1335 693 1433 episcopium
710 1335 743 1406 ei
762 1333 982 1406 redderetur.
999 1336 1080 1420 Qua
1092 1333 1268 1431 perlecta,
1285 1360 1370 1406 cum
1385 1336 1546 1434 episcopi

472 1450 635 1521 consulto
649 1475 723 1521 sese
741 1450 993 1539 contulissent,
1014 1448 1222 1521 cassandam
1241 1466 1476 1542 censuerunt,
1499 1476 1544 1523 co

472 1565 583 1662 quod,
595 1566 729 1664 absque
736 1568 885 1658 ratione,
895 1592 971 1639 rem
979 1566 1174 1663 quaeinlite
1182 1582 1257 1638 erat
1267 1566 1432 1638 abdicato
1441 1567 1544 1640 reddi

440 1780 443 1789 ι
469 1682 628 1776 jubebat.
643 1687 686 1754 Et
704 1684 787 1780 quia
799 1684 908 1785 paulo
922 1697 1006 1753 ante
1019 1680 1064 1752 ab
1078 1682 1155 1779 ipso
1173 1706 1266 1780 papa
1284 1684 1431 1782 agapito
1449 1684 1546 1756 dele·

472 1812 550 1892 gata
562 1812 638 1868 erat
654 1797 814 1895 epistola,
836 1822 900 1896 per
913 1795 1138 1867 Fredericnm
1149 1798 1395 1893 Magantinum
1408 1798 1545 1897 episco-

471 1938 578 2012 pum,
606 1928 712 2012 atque
737 1914 820 1986 data
844 1913 1014 1985 Rotberto
1037 1913 1313 2011 metropolitano
1330 1916 1542 2005 Treuerico,

472 2055 594 2103 coram
612 2030 751 2128 regibus
774 2056 815 2101 ac
832 2030 952 2101 Galliae
974 2045 1010 2101 et
1031 2031 1229 2101 Germaniae
1244 2030 1441 2130 episeopis,
1464 2057 1545 2130 quae

472 2162 547 2218 erat
568 2148 754 2219 continens
774 2148 1019 2219 auctoritatem
1040 2147 1242 2245 apostoliae
1255 2148 1442 2243 jussionis,
1463 2172 1546 2248 par·

472 2278 615 2359 temque
631 2278 889 2362 praeceptorum
910 2264 986 2357 ejus
999 2263 1074 2358 jam
1092 2265 1247 2335 exsecuti
1266 2264 1422 2353 fuerant,
1445 2290 1545 2336 com-

472 2380 573 2450 muni
585 2404 670 2450 mox
687 2404 864 2451 consensu
881 2379 1065 2451 decretum
1083 2394 1154 2469 est,
1174 2395 1215 2450 ut
1227 2379 1327 2477 quod
1337 2380 1546 2477 regulariter

471 2510 627 2593 eoeptum
646 2510 740 2583 erat,
763 2494 1020 2577 rationabiliter
1044 2510 1150 2591 atque
1161 2497 1339 2575 canonice
1356 2512 1547 2595 pertracta·

471 2626 579 2682 retur.
596 2608 778 2709 Simulque
790 2626 825 2682 et
835 2634 953 2682 moxa
970 2611 1246 2710 metropolitano
1255 2612 1394 2708 jussum
1410 2628 1483 2701 est,
1505 2630 1545 2684 ut

472 2730 676 2799 recitaretur
688 2742 794 2825 caput
812 2751 950 2797 nonum
968 2728 1146 2799 decimum
1160 2728 1298 2799 consilii
1318 2730 1546 2826 cartaginen-

473 2824 538 2933 sis,
558 2843 657 2942 quod
668 2857 805 2914 constat
817 2841 862 2914 de
873 2858 1036 2914 accusato
1048 2858 1083 2914 et
1094 2860 1308 2915 accusatore.
1325 2848 1368 2915 Et
1380 2846 1542 2935 recitato,

474 2960 671 3032 secundum
695 2960 804 3057 ipsius
830 2960 974 3057 capituli
1002 2961 1213 3031 sententiam
1234 2964 1476 3053 constituere,
1504 2980 1544 3034 ut

475 3078 638 3148 Remensi
662 3075 859 3174 parroechia
880 3076 1027 3147 artoldo
1049 3077 1229 3166 restituta,
1258 3078 1320 3174 qui
1341 3078 1473 3149 nullius
1498 3080 1544 3149 si-

474 3194 561 3265 nodi
571 3194 725 3265 rationes
736 3191 859 3263 audire
872 3192 1015 3288 refugit3
1035 3196 1156 3289 Hngo,
1175 3194 1238 3290 qui
1249 3193 1296 3264 ad
1307 3192 1395 3265 duas
1405 3195 1481 3290 jam
1499 3194 1544 3264 si-

474 3309 590 3380 nodos
603 3310 789 3379 accersitus
795 3309 926 3378 -venire
939 3323 1218 3407 contempserat,
1235 3334 1257 3381 a
1270 3311 1451 3404 [ternensis
1469 3310 1544 3408 epi-

473 3427 585 3524 scopii
594 3426 763 3522 regimine
776 3420 986 3514 abstineret,
1003 3424 1119 3495 donec
1133 3426 1169 3496 in
1186 3426 1325 3497 tertiam
1339 3426 1510 3497 sinodum
1526 3427 1539 3463 ³

474 3543 677 3639 purgandus
696 3542 741 3613 de
754 3541 901 3636 objectis
914 3539 1113 3611 adveniret.¹
1124 3542 1324 3639 Capitulum
1330 3566 1422 3611 ¹vero
1435 3566 1542 3639 snpra

473 3658 607 3729 dictum
629 3657 751 3728 litteris
776 3668 879 3727 cartae
902 3656 1111 3726 mandatum
1133 3672 1207 3747 est,
1242 3672 1277 3728 et
1299 3656 1344 3727 ab
1365 3659 1543 3775 episcopis

472 3790 637 3865 cantum,
666 3800 707 3843 ao
734 3772 850 3844 eidem
875 3773 1016 3868 Hugoni
1046 3772 1233 3844 directum.
1266 3778 1306 3865 ln
1332 3798 1426 3871 quo,
1458 3798 1542 3843 eum

472 3893 721 3989 episcoporum
751 3891 953 3962 cautionem
983 3889 1213 3986 subscriptam
1241 3895 1343 3986 Hugo
1371 3891 1537 3976 vidisset,

507 4090 514 4121 ¹
535 4092 570 4139 ita
583 4108 644 4139 corr.

505 4173 516 4201 ¹
536 4190 582 4242 per
593 4170 724 4239 quendam
736 4170 859 4221 clericum
871 4188 947 4221 suum
963 4174 985 4221 l.

505 4256 515 4284 ⁵
534 4276 553 4305 a.
574 4273 630 4323 qnae
643 4252 767 4305 Kalendis.
782 4258 846 4320 nug.
861 4253 981 4305 lrnbcnda
994 4252 1155 4304 irnlirebatur
1169 4252 1258 4303 deleto.
