3417 5392
434 554 503 619 en,
582 612 586 619 ,
809 542 977 622 menam
999 542 1074 602 tra.
1099 538 1141 599 n.

430 670 640 745 Tetbaldum
653 690 752 764 ergo,
765 666 984 737 Suessonioee
995 660 1159 735 ecclesie
1166 657 1377 748 diaconum,
1391 682 1508 731 aecer·

433 791 490 880 sit,
505 788 813 889 presbiterumque
832 781 987 871 ordinat,
1011 804 1054 850 ac
1071 794 1165 877 post,
1186 777 1278 849 duce
1291 792 1430 876 agente,
1446 802 1509 849 aec·

432 906 545 979 clesiae
552 903 839 977 Ambianensium
853 900 1061 999 episcopum
1071 898 1248 968 sacratio
1261 893 1509 991 quarefavere

432 1027 529 1096 visus
554 1038 606 1095 est
630 1019 740 1093 Wido
762 1034 902 1091 tantum
922 1019 1133 1087 suessorum
1156 1008 1357 1111 episcopus.
1373 1083 1376 1092 ,
1391 1016 1510 1099 Quem

435 1143 520 1241 quia
538 1155 621 1240 post
637 1136 788 1238 penituit
805 1134 988 1233 sequentia
1006 1130 1316 1204 demonstrabunt.
1336 1129 1405 1201 Sed
1421 1145 1510 1201 tem·

436 1282 504 1357 pus
515 1252 744 1354 colloquendi
761 1252 904 1350 regibus
916 1249 1081 1339 advenit,
1101 1271 1144 1318 ac
1156 1272 1258 1319 secus
1270 1246 1421 1319 fluvium
1444 1249 1512 1317 Ka·

437 1398 514 1445 ram
533 1372 600 1443 sibi
618 1384 822 1442 occurrunt.
847 1372 919 1439 Nec
939 1364 1052 1437 defuit
1066 1363 1159 1455 dux„
1184 1364 1247 1460 qui
1266 1378 1303 1435 et
1321 1362 1397 1461 ipse
1413 1361 1513 1460 apud

438 1489 708 1561 Duodeciacum
719 1486 840 1558 vicum
858 1499 973 1556 castra
984 1482 1078 1571 fixit,
1094 1497 1134 1553 ut
1146 1505 1213 1579 pro
1227 1494 1359 1579 nepote
1368 1503 1514 1551 causam

439 1604 536 1705 apud
557 1605 743 1703 episcopos
761 1616 889 1699 ageret.

442 1974 665 2046 LXV-’⁰¹¹¹'
678 1970 786 2023 enititur
805 1970 858 2021 ut*
876 1968 977 2021 causa*
996 1986 1046 2039 pro
1057 1983 1106 2019 suo
1124 1965 1245 2037 nepote*
1264 1963 1337 2037 apud
1355 1965 1516 2037 episcopos*
1542 1936 1549 1949 Ι

930 2064 1030 2122 agatur.

494 2210 647 2308 Regibus
659 2211 777 2307 itaque
788 2230 913 2298 rerum
923 2205 1065 2302 negotia
1077 2204 1275 2301 agentibus,
1292 2203 1365 2276 dux
1376 2228 1520 2313 cpusam

447 2328 586 2427 nepotis
604 2325 779 2425 episcopis
796 2322 1027 2421 disponebat,
1047 2348 1159 2421 penes
1171 2347 1264 2420 quos
1281 2322 1389 2394 etiam
1409 2322 1520 2421 pluri·

449 2467 544 2518 mam
561 2442 716 2515 babebat
733 2441 1035 2539 indignationem,
1057 2440 1186 2537 injuste
1204 2455 1240 2512 ct
1257 2440 1362 2513 nullis
1378 2440 1522 2513 eviden-

448 2563 543 2636 tibus
564 2560 676 2658 culpis
702 2573 871 2658 nepotem
895 2560 1151 2658 praecipitatum
1173 2570 1389 2635 memorans.
1411 2557 1520 2646 Quod

449 2704 532 2752 cum
549 2676 746 2750 indicatum
759 2674 901 2772 regibus
915 2691 1024 2767 esset,
1045 2680 1178 2748 Ottone
1198 2691 1324 2773 agente
1337 2675 1522 2749 decretum

450 2812 519 2887 est,
535 2809 576 2868 ut
586 2793 636 2865 ibi
648 2791 695 2864 ab
705 2792 880 2891 episcopis
894 2816 1000 2863 causa
1010 2793 1146 2865 Artoldi
1157 2809 1265 2891 atque
1274 2794 1436 2892 Hugonis
1451 2794 1523 2866 dis·

452 2927 650 3001 cuterctur,
672 2910 721 2981 ita
740 2923 870 2981 tamen·
880 2923 922 2981 ut
939 2925 977 2981 et
993 2908 1067 2981 dux
1087 2914 1250 3008 tempote
1269 2933 1429 3008 congruo
1449 2908 1524 3008 regi

453 3028 676 3103 satisfaceret.
702 3025 886 3124 Episcopis
908 3026 1028 3123 itaque
1046 3027 1223 3099 rationem
1244 3028 1522 3127 excipientibus,

452 3169 537 3217 cum
556 3144 648 3215 inter
663 3140 817 3240 plurima
829 3164 909 3239 quae
919 3140 970 3212 ibi
987 3131 1158 3241 explicata
1169 3137 1251 3214 subt
1260 3142 1347 3214 illud
1359 3160 1525 3215 constan·

454 3260 585 3332 tissime
609 3258 824 3347 refutarent,
856 3256 956 3355 quod
979 3261 1082 3357 Hugo
1097 3312 1106 3349 ,
1121 3355 1124 3364 .
1138 3258 1337 3332 sacerdotio
1352 3261 1523 3359 privatus,

455 3392 581 3449 contra
592 3376 643 3447 fas
654 3373 943 3446 Ambianensium
955 3376 1162 3476 episcopum
1174 3374 1386 3468 ordinasset,
1402 3404 1527 3475 regum

456 3490 630 3563 sententia
642 3490 678 3561 in
692 3488 797 3561 aliam
815 3490 984 3562 sinodum
1001 3491 1207 3587 hujusmodi
1225 3495 1400 3566 rationem
1416 3511 1528 3567 trans·

459 3606 640 3691 sererrdam
664 3606 857 3677 constituit.
880 3605 1077 3680 Videbatur
1091 3610 1244 3702 etenim,
1268 3603 1368 3707 quod
1389 3594 1464 3682 non
1483 3610 1528 3686 ad

458 3724 658 3821 aequitatem
678 3722 760 3796 satis
785 3723 977 3795 commode
999 3724 1074 3797 haec
1098 3726 1278 3798 altercatio
1301 3726 1529 3799 determinari

459 3841 610 3930 valeret,
631 3864 714 3910 cum
733 3864 799 3911 nec
819 3840 967 3913 sinodus
985 3842 1112 3915 adhoc
1123 3860 1320 3917 convocata
1333 3844 1464 3916 fuisset.
1487 3848 1529 3914 Et

459 3960 605 4033 decreto
616 3958 726 4055 regio,
744 3964 788 4033 ⁴5
801 3958 950 4033 Kalend.
963 3960 1150 4055 Decemb,
1165 3962 1333 4035 habenda
1345 3962 1530 4036 denuntia·

499 4249 511 4279 '¹
532 4248 589 4311 Du,
604 4263 644 4311 ut,
662 4270 689 4313 r,
707 4270 771 4319 nvp,
785 4251 908 4321 episcopo
918 4253 1020 4303 absciso.
