3417 5392
473 551 534 613 att
844 550 1016 611 tttcflssttt·
1033 551 1106 610 LlB.
1129 549 1174 609 ll.

492 730 563 782 LIX.
575 729 736 796 -Quuliter
755 729 886 782 Deroldus
907 728 1057 800 aquodam
1075 728 1179 782 medico
1200 727 1347 799 deeeptus*
1365 730 1398 782 sit
1417 748 1531 799 eumque

580 822 583 829 ¹
926 812 1091 885 deceperit!

522 987 604 1070 Quo
614 997 775 1081 tempore
785 980 1075 1069 Ambianensium
1088 980 1289 1078 episcopus,
1299 980 1491 1071 Deroldus,
1502 983 1548 1055 ab

474 1099 542 1170 hac
554 1100 625 1171 vita
643 1099 812 1188 decessit,
834 1098 889 1168 vir
901 1096 1101 1196 spectabilis
1118 1121 1160 1168 ac
1175 1097 1373 1196 palatinus,
1389 1112 1426 1169 et
1436 1124 1550 1195 quon·

474 1215 558 1288 dam
572 1233 607 1289 et
620 1219 691 1313 regi
710 1215 908 1287 admodum
926 1214 1096 1304 dilectus,
1113 1216 1150 1287 in
1169 1230 1244 1286 arte
1262 1210 1448 1287 medicinae
1460 1218 1551 1315 peri·

473 1336 640 1405 tissimus.
669 1338 721 1405 De
750 1358 823 1431 quo
848 1334 956 1404 etiam
983 1332 1094 1405 fertur
1120 1332 1241 1432 quod,
1268 1358 1351 1403 curn
1374 1332 1494 1406 adhuc
1511 1336 1549 1404 in

472 1450 605 1550 palatio
636 1452 709 1549 regi
737 1453 903 1542 serviret,
930 1478 950 1523 a
973 1451 1133 1550 quodam
1157 1450 1379 1523 salernitano
1408 1450 1549 1524 medico

474 1568 643 1667 deceptus
661 1570 723 1659 sit,
744 1594 899 1667 eumque
918 1569 1109 1668 deceperit.
1133 1570 1274 1641 Etenim
1297 1593 1381 1640 cum
1399 1584 1549 1668 uterque

474 1686 512 1757 in
525 1692 600 1758 arte
613 1685 798 1757 medicinae
816 1687 952 1785 optime
966 1700 1103 1785 posset,
1120 1701 1156 1757 et
1168 1687 1233 1757 iste
1246 1686 1319 1782 regi
1336 1686 1475 1783 potior,
1491 1689 1550 1757 Sa·

474 1802 670 1875 lemitanus
682 1828 768 1875 vero
782 1805 912 1901 reginae
928 1805 939 1840 ⁸
961 1804 1109 1903 peritior
1125 1802 1328 1893 videretur,
1343 1818 1550 1875 commento

476 1922 567 2019 regis
594 1936 776 2019 repertum
803 1936 859 1993 est
884 1922 966 2019 quis'
987 1944 1117 1993 eorum
1138 1944 1260 1992 rerum
1277 1934 1421 1991 naturas
1440 1920 1551 2015 magis

476 2036 687 2108 dinosceret.
709 2039 816 2108 lussit
828 2039 961 2109 etenim
978 2062 1101 2107 coram
1112 2061 1149 2106 se
1166 2035 1246 2107 illos
1258 2036 1455 2107 consedere
1467 2060 1550 2106 con·

476 2152 594 2240 vivas,
622 2176 766 2224 causam
796 2154 846 2223 rei
875 2153 1016 2251 penitus
1039 2149 1287 2243 dissimulans,
1320 2177 1363 2222 ac
1389 2176 1476 2249 sepe
1503 2153 1549 2223 eis

477 2270 681 2367 questiones
704 2292 926 2368 proponens.
954 2271 1113 2367 Quisque
1141 2284 1180 2340 ut
1202 2284 1343 2367 poterat
1368 2270 1550 2367 proposita

477 2384 647 2457 solvebat.
676 2366 853 2489 Deroldus
871 2381 1038 2482 quidem,
1061 2400 1186 2485 utpote
1204 2386 1400 2457 litterarum
1418 2384 1550 2457 artibus

476 2502 648 2591 eruditus,
668 2502 901 2603 probabiliter
913 2504 1052 2601 objecta
1076 2502 1283 2575 diffiniebat.
1311 2495 1550 2574 salernitanus

475 2644 561 2691 vero
578 2619 661 2692 licet
682 2619 780 2691 nulla
797 2618 995 2692 litterarum
1014 2621 1158 2694 scientia
1170 2619 1338 2720 praeditus
1350 2674 1360 2709 ,
1374 2634 1496 2690 tamen
1510 2646 1549 2691 ex

476 2738 620 2835 ingenio
642 2753 792 2827 naturae,
819 2737 968 2809 multam
985 2738 1023 2809 in
1045 2733 1152 2809 rebus
1170 2736 1423 2836 experientiam
1446 2734 1551 2807 hahe-

477 2854 550 2927 bat.
581 2856 689 2951 Regio
715 2856 833 2952 itaque
847 2855 948 2951 jussu
972 2854 1103 2931 cotidie
1131 2854 1339 2945 consident,
1360 2878 1402 2925 ac
1427 2877 1550 2924 mensa

478 2973 572 3069 regia
591 2973 759 3044 continue
773 2996 845 3043 nna
862 2973 1060 3070 potiuntur.
1081 2974 1126 3042 Et
1138 2970 1197 3042 die
1214 2966 1371 3067 quadam
1387 2969 1434 3040 de
1452 2969 1551 3040 dina·

478 3089 669 3161 midiarum
701 3075 907 3161 differentiis
937 3088 1157 3186 disputatum
1185 3102 1257 3176 est,
1291 3100 1550 3182 tractatumque

479 3206 623 3278 uberius
641 3204 728 3303 quid
741 3203 870 3277 efficiat
883 3204 1149 3295 farmaceutica,
1164 3203 1254 3301 quid
1265 3228 1352 3275 vero
1364 3204 1549 3299 cirurgica,

479 3322 567 3421 quid
593 3325 699 3395 etiam
721 3322 900 3394 butanica.
929 3327 972 3393 At
996 3321 1251 3410 Salemitauus,
1277 3321 1466 3419 peregrina
1489 3344 1551 3390 no-
1635 3355 1638 3360 >

481 3444 580 3513 mina
604 3466 678 3513 non
699 3440 909 3530 advertens,
941 3440 987 3510 ab
1012 3453 1138 3511 eorum
1161 3437 1451 3536 interpretatione
1475 3461 1553 3509 eru·

479 3558 627 3631 bescens
652 3560 796 3658 quievit.
827 3556 967 3631 Invidet
994 3583 1079 3654 ergo
1106 3556 1320 3655 plurimum,
1345 3556 1450 3627 acin
1477 3557 1550 3652 ejus

481 3694 634 3750 mortem
656 3702 836 3749 venenum
858 3701 983 3776 parare
1010 3674 1219 3763 meditatur;
1252 3674 1402 3746 multam
1427 3672 1550 3745 dolose

481 3794 758 3873 benivolentiam
779 3794 961 3866 simulans.
984 3798 1110 3865 Parato
1134 3817 1219 3864 vero
1245 3791 1443 3896 male'fici0,
1473 3817 1554 3863 cum

483 3936 556 3984 uua
578 3912 615 3983 in
633 3912 786 4011 prandio
804 3911 1023 4002 residerent,
1049 3910 1289 3983 Salernitanus
1306 3933 1427 4006 ungue
1450 3910 1554 4007 inpu·
1671 3907 1672 3912 ’

482 4029 552 4101 dici
577 4030 748 4120 toxicat0,
775 4029 950 4126 liquorem
972 4030 1104 4129 piperis
1122 4053 1196 4125 quo
1218 4023 1338 4099 cibum
1358 4028 1489 4126 pariter
1505 4028 1556 4096 in·

512 4213 532 4261 ¹*
551 4238 653 4298 ceptus,
670 4226 767 4298 ceperit
778 4227 881 4278 abscisa.

514 4311 522 4343 ¹
543 4331 566 4363 r.
582 4311 736 4363 l'rrdernnae
748 4310 862 4363 deletura.
