3417 5392
466 659 825 799 RICHERI
890 661 1496 806 HISTORIARUM

699 969 885 1101 ¹crum
934 967 1253 1072 curruca.
1391 1059 1396 1084 ,

844 1205 1124 1235 w.-

623 1538 627 1542 Α
727 1403 918 1493 arnna
970 1406 1230 1494 narnus
1286 1461 1295 1521 ,Δ

840 1748 864 1796 1.
879 1776 914 1787 —
927 1746 1025 1798 Divisio
1039 1747 1119 1799 orbis.

496 1893 602 1962 Oanis
618 1891 737 1989 itaq'ue
754 1894 868 1992 plaga,
884 1919 962 1993 quae
975 1892 1183 1967 mortalibus
1196 1917 1272 1964 sese
1285 1891 1512 1965 commodam

448 2006 594 2104 praebet,
614 2013 913 2110 acosmographis
925 2012 1094 2083 trifariam
1111 2009 1221 2082 dividi
1238 2008 1457 2107 perhibetur,
1477 2010 1512 2080 in

449 2123 566 2194 Asiam
582 2124 763 2218 videlicet,
789 2129 956 2218 Africam,
972 2143 1008 2200 et
1021 2133 1211 2226 Europam.
1228 2131 1389 2214 Quarum
1402 2127 1510 2225 prior,

449 2262 471 2307 a
482 2243 734 2337 septemtrione
747 2268 811 2341 per
821 2243 966 2316 orientis
979 2245 1162 2342 regionem
1171 2268 1281 2340 nsque
1294 2245 1331 2314 in
1340 2258 1510 2336 austrum,

449 2356 664 2428 extrinsecus
694 2364 838 2432 Oceano
870 2360 1127 2452 disterminata,
1155 2360 1301 2432 interius
1327 2385 1349 2431 a
1374 2360 1513 2460 Ripheis
1652 2403 1655 2412 v

450 2473 631 2545 montibus
657 2500 770 2573 usque
795 2477 841 2548 ad
864 2491 964 2550 tenue
986 2477 1209 2568 umbilicum,
1243 2477 1391 2568 Thenai,
1421 2481 1513 2550 Meo·

450 2587 567 2680 thide,
593 2593 922 2692 Mediterraneoque
948 2594 994 2666 ab
1027 2599 1168 2692 Europa
1196 2593 1437 2690 distinguitur3
1469 2593 1513 2665 ab

450 2703 619 2778 umbilico
633 2734 718 2780 vero
736 2736 848 2807 usque
867 2712 903 2781 in
922 2727 1100 2802 austrum,
1120 2709 1198 2782 Nilo
1217 2709 1325 2780 fluvio
1341 2709 1387 2780 ab
1405 2710 1515 2784 Afiica

451 2836 505 2893 cst
517 2823 662 2895 seclusa.
684 2826 835 2898 Africam
851 2852 937 2899 vero
951 2842 986 2899 et
999 2833 1190 2926 Europam,
1207 2827 1357 2899 exterius
1370 2826 1513 2924 quidem

451 2937 498 3028 ab
515 2955 634 3011 austro
652 2941 689 3014 in
707 2945 996 3042 septemtrionem
1014 2947 1157 3015 Oceano
1175 2942 1426 3032 circumdatas,
1446 2945 1514 3014 Me·

451 3048 691 3129 diterraneum
718 3059 939 3156 interjectum
959 3061 967 3095 ⁴
998 3059 1226 3132 discriminat.
1251 3059 1304 3131 Ab
1326 3061 1405 3131 Asia
1431 3085 1513 3132 vero

452 3171 598 3248 interius
610 3199 733 3245 earum
753 3175 899 3247 alteram
917 3172 1030 3266 Nilus,
1051 3175 1196 3248 aiteram
1214 3200 1299 3248 vero
1316 3177 1514 3248 Mediterra-

452 3313 574 3380 neum,
594 3291 814 3390 Tbanaisque
827 3294 1073 3383 acMeotis,'ut
1085 3291 1220 3364 dictum
1232 3306 1296 3382 est,
1312 3291 1510 3390 sejungtmt.

453 3409 613 3493 Quarum
630 3407 774 3504 singulae
786 3433 870 3480 cum
886 3409 1046 3508 proprias
1058 3409 1213 3481 habeant
1229 3397 1512 3500 distributiones,

453 3525 603 3622 Europae
627 3539 745 3596 tamen
783 3539 921 3624 partem
944 3549 1054 3597 unam
1084 3550 1162 3623 quae
1187 3524 1299 3596 Gallia
1318 3549 1339 3596 a
1361 3524 1515 3596 candore

452 3655 611 3730 vocatur,
620 3667 664 3712 eo
675 3640 774 3739 quod
785 3641 999 3724 candidioris
1011 3643 1138 3741 speciei
1147 3642 1282 3738 insigne
1291 3640 1365 3738 ejus
1373 3637 1515 3712 oriundi

454 3756 653 3853 praeterant,
669 3759 706 3828 in
719 3783 800 3832 suas
812 3757 979 3832 diducere
996 3776 1113 3859 partes
1130 3774 1246 3831 ratum
1263 3758 1359 3830 duxi.

497 3967 505 4008 ¹
519 3970 667 4040 interjectum
680 3971 736 4022 cod.
