3417 5392
455 563 514 620 172
820 557 985 618 nicatur
1009 556 1081 617 LlB.
1106 555 1147 616 ll.

448 682 665 778 praecipuum
693 676 872 751 oblivione
896 678 1170 776 praetermissum
1195 674 1389 747 auditurus.
1419 675 1520 747 Navi·

449 793 529 864 cula
545 819 631 891 ergo
652 793 820 866 advectus
837 819 920 865 cum
940 795 1078 894 paucis,
1101 791 1177 864 aliis
1193 792 1231 862 in
1249 791 1374 888 pelago
1392 815 1519 889 expec-

448 909 625 1002 tantibus,
648 909 821 1007 conjurati
839 909 963 1008 gladiis
986 909 1122 980 eductis
1138 909 1321 979 incautum
1337 906 1519 978 adoriren-

448 1041 518 1096 tur.
546 1028 582 1097 Si
610 1050 696 1098 vero
722 1042 885 1123 equester
909 1026 1112 1115 adveniret,
1141 1039 1223 1124 post
1246 1022 1384 1095 consilii
1409 1021 1520 1096 finem

449 1142 594 1215 Amulio
612 1143 787 1240 digresse,
814 1143 947 1239 illoque
975 1141 1178 1232 recedente,
1202 1142 1377 1238 conjurati
1395 1141 1520 1212 identi-

450 1255 535 1329 dem
558 1281 641 1330 eum
668 1273 888 1356 repeterent,
918 1282 1088 1355 magnum
1107 1256 1279 1356 quiddam
1298 1282 1374 1329 sese
1393 1257 1519 1329 afferre

450 1374 670 1465 simulantes,
686 1374 900 1471 quibusdam
913 1375 1019 1447 etiam
1031 1375 1128 1445 seriis
1141 1374 1292 1445 accitum
1303 1372 1516 1462 detinerent,

435 1488 565 1562 ¹donec
591 1491 726 1562 cunctis
750 1490 989 1590 praeeuntibus
1012 1506 1188 1564 extremus
1213 1504 1407 1561 retrorsum
1427 1491 1519 1561 inee-

450 1605 560 1678 deret.
575 1610 691 1693 Quem
700 1605 951 1704 adorsigladiis
963 1632 1036 1678 non
1050 1607 1167 1678 miuus
1178 1604 1514 1677 transverberarent.

450 1725 709 1820 lusurgentium
727 1749 812 1794 vero
830 1724 1024 1822 piratarum
1047 1723 1121 1792 vim
1144 1720 1351 1810 evaderent,
1372 1722 1400 1791 si
1418 1721 1518 1817 equis

448 1838 630 1910 velocibus
643 1841 754 1938 rapti,
771 1839 817 1911 ad
830 1840 1019 1911 domiuum
1036 1864 1119 1910 cum
1132 1837 1244 1936 copiis
1257 1835 1517 1935 praestolantem

450 1954 669 2052 transfugere
698 1957 940 2055 tempestivius
971 1956 1224 2044 accelerareut3
1250 1955 1381 2052 piratas
1411 1955 1518 2025 etiam

451 2085 536 2142 tunc
561 2071 651 2142 nihil
676 2072 773 2144 aliud
799 2097 908 2170 quarn
933 2088 994 2144 aut
1017 2073 1135 2169 lugam
1160 2071 1435 2160 acceleraturos,
1459 2088 1520 2144 aut

450 2185 588 2258 domini
602 2190 784 2286 exsequias
796 2195 1060 2286 prbcuraturos.
1076 2188 1202 2283 Sicque
1215 2185 1346 2258 factum
1359 2203 1465 2276 esset,
1480 2203 1520 2258 ut

450 2301 595 2375 Amulio
613 2304 798 2400 ignorante
824 2329 869 2374 eo
887 2302 986 2400 quod
1011 2301 1139 2374 absens
1156 2316 1263 2392 esset,
1285 2317 1423 2374 tantum
1440 2303 1518 2374 laci·

449 2443 516 2488 nus
529 2434 707 2516 patratum
724 2419 915 2490 videretur.

703 2647 834 2700 xxxin.
847 2676 884 2690 -
894 2646 1015 2701 Wilelmi
1026 2647 1101 2700 ducis
1111 2647 1266 2700 interfectio.

498 2805 617 2900 Legati
631 2805 749 2902 itaque
762 2805 905 2895 directi,
922 2804 1140 2901 colloquium
1153 2819 1281 2903 petunt
1294 2820 1328 2876 et
1340 2806 1513 2904 optinent.

448 2923 601 3019 Tempus
618 2937 700 3018 post
717 2920 792 2992 dies
805 2921 945 3018 triginta
959 2921 1074 2992 datur.
1090 2926 1204 2992 locus
1217 2945 1361 3019 quoque
1375 2922 1411 2992 iu
1425 2948 1516 3020 pago

451 3033 675 3110 Ambianensi
698 3021 799 3118 secus
819 3041 966 3111 fluvium
981 3043 1163 3110 Summam
1176 3037 1237 3108 ubi
1250 3053 1304 3109 est
1315 3037 1430 3109 insula
1444 3039 1520 3109 Pin·

449 3153 577 3227 chiuea
589 3156 809 3228 conceditur.
827 3157 1046 3254 Negotioque
1060 3172 1222 3255 peracte,
1239 3154 1343 3252 legati
1355 3155 1516 3226 redeunt.

448 3275 623 3369 Tempore
650 3298 733 3370 ergo
758 3275 969 3362 constitute,
1005 3272 1169 3344 Arnulfus
1193 3287 1305 3362 terra,
1335 3270 1520 3342 Wilelmus

449 3411 541 3484 aqua
559 3387 595 3457 in
614 3386 735 3460 locum
753 3389 968 3462 destinatum
985 3389 1214 3461 conveniunt.
1238 3393 1285 3460 Ac
1298 3388 1344 3461 de
1362 3388 1518 3460 amicicia

450 3503 621 3595 multum,
641 3503 836 3602 plurimum
860 3506 905 3578 de
932 3505 1003 3576 lide
1026 3506 1204 3603 utrimque
1222 3499 1396 3577 servanda
1414 3504 1519 3576 collo·

450 3620 522 3690 cuti
539 3635 642 3711 sunt,
664 3636 768 3718 atque
786 3637 869 3720 post
885 3621 1078 3692 nonnullos
1105 3647 1286 3694 sermones
1304 3648 1325 3693 a
1342 3647 1380 3694 se
1398 3623 1514 3693 soluti.

451 3735 615 3808 arnulfus
641 3737 795 3810 reditum
819 3739 1005 3829 simulans,
1033 3722 1286 3837 aliquantisper
1309 3737 1514 3835 digreditur.

451 3851 637 3923 Wilelmus
664 3879 748 3927 vero
774 3855 821 3926 ad
852 3855 1000 3926 classem
1026 3854 1146 3946 rediit;
1176 3855 1447 3952 naviculamque
1469 3857 1518 3926 in·

449 3993 588 4064 gressus
605 3969 694 4041 dum
710 3997 773 4069 per
786 3972 930 4070 pelagus
943 3972 1143 4068 navigaret,
1162 3997 1184 4042 a
1196 3971 1388 4067 conjuratis
1406 3971 1516 4040 multo

449 4087 620 4185 strepitu*
651 4088 879 4180 inclamatus,
905 4113 1049 4188 proram
1073 4088 1236 4160 obvertit.
1261 4089 1515 4184 Remigansque

484 4299 491 4328 ¹
513 4300 625 4354 clamore
639 4306 663 4353 l.
