3417 5392
444 510 484 565 oo
824 461 990 563 ricusiu
1013 501 1088 564 ira.
1114 503 1140 561 1.

442 629 541 727 post*
568 624 801 697 truculentius
827 625 943 696 redire
970 625 1177 722 disponens.
1216 630 1289 696 Hac
1314 641 1520 723 tempestate

416 836 419 841 ⁴
443 761 544 816 terne
565 759 684 816 motus
706 745 742 812 in
763 767 857 840 pago
884 743 1130 813 Camaracensi
1154 743 1266 814 factus
1289 758 1361 833 est,
1389 768 1432 813 ex
1452 767 1521 839 quo

407 849 432 892 *
445 862 576 934 domus
597 858 778 930 nonnullae
798 858 974 930 subversae
993 875 1087 930 sunt.
1112 859 1215 931 Unde
1239 874 1275 930 et
1297 885 1418 931 rerum
1439 859 1524 932 cala·

446 979 548 1049 mitas
571 976 706 1047 adverti
723 978 862 1075 potuit,
885 1001 968 1047 cum
991 977 1091 1072 regni
1113 977 1299 1074 princeps,
1324 987 1451 1075 praeter
1469 976 1524 1072 jus

448 1108 592 1190 captuS,
619 1107 655 1163 et
687 1093 724 1161 in
752 1103 931 1164 carcerem
959 1094 1130 1191 usquein
1154 1093 1256 1165 diem
1279 1095 1357 1165 vitae
1383 1118 1454 1164 suae
1474 1119 1526 1164 su·

449 1236 614 1309 promum
638 1210 802 1282 detrusus
831 1211 885 1281 sit.
915 1215 1005 1282 Nam
1028 1236 1111 1281 cum
1138 1237 1216 1283 rem
1246 1212 1434 1283 militarem
1458 1210 1526 1282 dis·

447 1343 618 1423 poneret,
647 1341 682 1397 et
704 1325 900 1408 exercitum
923 1327 1161 1424 copiosiorem
1181 1326 1301 1398 Galliis
1324 1325 1451 1397 inferre
1471 1352 1527 1424 pa·

451 1459 564 1533 raret,
579 1442 759 1541 Gallisque
771 1443 855 1514 inde
872 1444 979 1514 timor
991 1443 1124 1514 multus
1143 1445 1373 1534 incuteretur,
1388 1445 1526 1514 mitiore

451 1561 571 1629 animo
595 1559 810 1632 serebantur.
837 1559 946 1646 Quod
974 1560 1123 1631 Karolus
1154 1585 1216 1654 rev¹
1243 1560 1524 1657 subintelligens,

450 1700 515 1772 per
536 1675 671 1771 legatos
694 1701 861 1748 revocare
892 1701 953 1748 eos
983 1677 1178 1766 nitebatur,
1212 1679 1403 1776 multisque
1426 1679 1528 1749 ratio·

452 1790 558 1863 nibus
578 1794 629 1864 eis
652 1793 688 1864 id
710 1793 859 1864 suadere
878 1794 1059 1891 querebat.
1076 1797 1304 1867 Nortmannis
1321 1820 1467 1894 quoque
1478 1820 1528 1866 us-

452 1939 523 2011 que
545 1915 591 1987 ad
614 1916 780 1988 ellectum
792 1917 922 2005 suasit,
947 1902 1037 1988 adeo
1057 1935 1097 1990 ut
1118 1920 1190 2015 regi
1211 1917 1321 1990 fidem
1338 1917 1525 2018 spondere,

454 2034 557 2131 eique
582 2049 621 2105 ut
636 2034 778 2129 juberet
797 2034 948 2106 militare
972 2034 1114 2107 vellent.
1141 2037 1212 2123 Qui
1235 2055 1322 2106 cum·
1350 2036 1424 2131 regi
1447 2035 1529 2105 mili-

454 2152 560 2222 taturi
587 2175 776 2222 occurrere
802 2167 990 2248 pararent,
1030 2178 1050 2222 a
1078 2151 1186 2223 Gallis
1217 2151 1529 2224 intercurrentibus

455 2266 596 2338 inhibiti
617 2283 712 2338 sunt.
740 2266 843 2337 Unde
875 2283 910 2338 et
940 2293 1067 2340 eorum
1094 2267 1263 2366 suppetiis
1287 2293 1348 2339 rex
1376 2269 1530 2366 privatus

457 2399 520 2455 esi.

575 2505 690 2557 XLVII.
702 2536 740 2547 —
750 2505 858 2558 Rodulfi
868 2505 883 2540 l*
895 2506 962 2576 regis
973 2506 1130 2577 promotio*
1144 2525 1175 2558 ac
1186 2507 1302 2559 naroli*
1316 2507 1413 2577 captio.

506 2646 598 2718 Galli
620 2673 641 2718 a
660 2623 849 2745 pilrtinatia
867 2647 1068 2719 nullatenus
1080 2649 1322 2746 quiescentes,
1343 2648 1531 2721 Rodullum

460 2762 626 2834 Ricliardi
651 2764 914 2860 Burgundionis
938 2763 1051 2835 lilium
1079 2766 1251 2856 accitum,
1286 2766 1382 2864 apud
1408 2765 1532 2836 urbem

459 2879 725 2969 suessonicam,
757 2905 801 2950 eo
827 2879 909 2950 licet
940 2881 1022 2954 satis
1056 2880 1291 2972 reclamante,
1324 2908 1444 2980 regem
1472 2881 1533 2954 sibi

460 2997 710 3093 praefecerunt,
739 2980 857 3066 virum
886 3011 1090 3088 strenuum,
1122 3023 1163 3068 ac
1189 2998 1310 3070 litteris
1334 2998 1534 3072 liberalibus

462 3139 537 3186 non
559 3112 785 3184 mediocriter
807 3113 1031 3184 instructum.
1059 3115 1167 3201 Quod
1190 3116 1403 3206 Heribertus‘
1422 3131 1533 3188 tanto·

463 3256 544 3300 rum
566 3230 743 3302 malorum
763 3231 927 3302 incentor
944 3254 1020 3302 sese
1044 3231 1134 3303 velle
1159 3231 1403 3323 dissimulans,
1428 3237 1533 3304 Kano-

462 3345 538 3416 lum
560 3371 681 3442 regem
700 3371 765 3444 per
789 3344 923 3442 legatos
946 3349 1110 3438 accersit,
1136 3349 1243 3420 tantis
1266 3349 1409 3445 flagiciis
1430 3374 1467 3420 se
1488 3375 1537 3422 re·

466 3463 531 3533 niti
549 3463 705 3534 voluisse
716 3462 912 3552 mandans,
929 3463 991 3534 sed
1003 3465 1272 3561 conjuratorum
1285 3491 1304 3536 a
1318 3464 1537 3537 multitudine

464 3580 771 3652 vehementissime
792 3603 1046 3677 suppressum3
1070 3596 1156 3652 tunc
1175 3581 1325 3652 nullum·
1339 3581 1475 3652 consilii
1494 3581 1538 3652 lo·

466 3722 549 3768 cum
581 3699 756 3794 patuisse,
784 3722 887 3778 ‚nunc
914 3723 999 3769 vero
1027 3698 1177 3770 remedii
1202 3713 1340 3795 partem
1370 3699 1536 3796 optimam

435 3887 440 3894 ,
467 3840 543 3886 sese
584 3816 766 3913 reperisse.
806 3815 910 3887 Unde
942 3831 978 3886 et
1007 3815 1179 3887 maturius
1208 3815 1374 3903 accedat,
1411 3841 1483 3912 quo
1509 3816 1536 3886 ei

465 3933 542 4030 ipse
564 3931 733 4004 obvenire
752 3932 885 4022 valeat3
911 3955 994 4002 cum
1016 3933 1138 4030 paucis
1160 3948 1299 4022 tamen,
1327 3954 1393 4016 ne,
1414 3931 1443 4000 si
1460 3955 1537 4000 cum

467 4056 586 4127 multis
601 4056 811 4145 adveniant,
837 4055 1084 4127 dissidentium
1106 4056 1327 4128 animositate
1349 4055 1385 4125 in
1412 4051 1536 4124 bellum

507 4229 518 4256 '⁹
537 4225 560 4288 i,
574 4225 643 4287 otio,
658 4224 665 4274 l
678 4245 708 4274 rr·
720 4226 867 4292 conjectura.

505 4298 512 4328 ¹
533 4316 556 4346 r.
570 4297 596 4347 in
608 4295 705 4348 Gallias
717 4309 737 4345 t.
755 4298 777 4344 l.
