<?xml version="1.0" encoding="UTF-8"?>
<!DOCTYPE html PUBLIC "-//W3C//DTD XHTML 1.0 Transitional//EN"
    "http://www.w3.org/TR/xhtml1/DTD/xhtml1-transitional.dtd">
<html xmlns="http://www.w3.org/1999/xhtml" xml:lang="en" lang="en">
 <head>
  <title>
</title>
<meta http-equiv="Content-Type" content="text/html;charset=utf-8" />
  <meta name='ocr-system' content='tesseract 3.04.00' />
  <meta name='ocr-capabilities' content='ocr_page ocr_carea ocr_par ocr_line ocrx_word'/>
</head>
<body>
  <div class='ocr_page' id='page_1' title='image "./richerhistoired02parigoog_0291.png"; bbox 0 0 3417 5392; ppageno 0'>
   <div class='ocr_carea' id='block_1_1' title="bbox 443 465 1131 552">
    <p class='ocr_par' dir='ltr' id='par_1_1' title="bbox 443 465 1131 552">
     <span class='ocr_line' id='line_1_1' title="bbox 443 465 1131 552; baseline -0.001 -25"><span class='ocrx_word' id='word_1_1' title='bbox 443 470 500 529; x_wconf 77' lang='lat' dir='ltr'>ras</span> <span class='ocrx_word' id='word_1_2' title='bbox 802 465 968 552; x_wconf 80' lang='lat' dir='ltr'>arenant</span> <span class='ocrx_word' id='word_1_3' title='bbox 991 465 1064 526; x_wconf 84' lang='lat' dir='ltr'>nn.</span> <span class='ocrx_word' id='word_1_4' title='bbox 1089 465 1131 526; x_wconf 93' lang='lat' dir='ltr'>tt.</span> 
     </span>
    </p>
   </div>
   <div class='ocr_carea' id='block_1_2' title="bbox 440 585 1509 1962">
    <p class='ocr_par' dir='ltr' id='par_1_2' title="bbox 440 585 1509 1962">
     <span class='ocr_line' id='line_1_2' title="bbox 440 585 1504 683; baseline -0.004 -24"><span class='ocrx_word' id='word_1_5' title='bbox 440 585 618 659; x_wconf 80' lang='lat' dir='ltr'>cervicalis</span> <span class='ocrx_word' id='word_1_6' title='bbox 644 589 728 657; x_wconf 86' lang='lat' dir='ltr'>Otto</span> <span class='ocrx_word' id='word_1_7' title='bbox 755 585 925 675; x_wconf 74' lang='lat' dir='ltr'>editiore,</span> <span class='ocrx_word' id='word_1_8' title='bbox 959 611 1020 658; x_wconf 79' lang='lat' dir='ltr'>rex</span> <span class='ocrx_word' id='word_1_9' title='bbox 1045 610 1130 657; x_wconf 88' lang='lat' dir='ltr'>vero</span> <span class='ocrx_word' id='word_1_10' title='bbox 1159 587 1196 656; x_wconf 91' lang='lat' dir='ltr'>in</span> <span class='ocrx_word' id='word_1_11' title='bbox 1224 600 1324 683; x_wconf 87' lang='lat' dir='ltr'>parte</span> <span class='ocrx_word' id='word_1_12' title='bbox 1347 599 1504 657; x_wconf 83' lang='lat' dir='ltr'>extrema</span> 
     </span>
     <span class='ocr_line' id='line_1_3' title="bbox 440 701 1505 799; baseline 0 -27"><span class='ocrx_word' id='word_1_13' title='bbox 440 702 608 782; x_wconf 90' lang='lat' dir='ltr'>humilior</span> <span class='ocrx_word' id='word_1_14' title='bbox 642 701 827 774; x_wconf 82' lang='lat' dir='ltr'>residebat.</span> <span class='ocrx_word' id='word_1_15' title='bbox 862 706 902 772; x_wconf 91' lang='lat' dir='ltr'>ln</span> <span class='ocrx_word' id='word_1_16' title='bbox 932 725 1085 797; x_wconf 89' lang='lat' dir='ltr'>quorum</span> <span class='ocrx_word' id='word_1_17' title='bbox 1114 715 1304 799; x_wconf 89' lang='lat' dir='ltr'>prospectu</span> <span class='ocrx_word' id='word_1_18' title='bbox 1336 705 1439 797; x_wconf 90' lang='lat' dir='ltr'>Hugo</span> <span class='ocrx_word' id='word_1_19' title='bbox 1470 717 1505 772; x_wconf 91' lang='lat' dir='ltr'>et</span> 
     </span>
     <span class='ocr_line' id='line_1_4' title="bbox 440 816 1505 908; baseline -0.001 -20"><span class='ocrx_word' id='word_1_20' title='bbox 440 817 605 888; x_wconf 80' lang='lat' dir='ltr'>Amulius</span> <span class='ocrx_word' id='word_1_21' title='bbox 634 816 772 889; x_wconf 91' lang='lat' dir='ltr'>duabus</span> <span class='ocrx_word' id='word_1_22' title='bbox 801 816 994 890; x_wconf 83' lang='lat' dir='ltr'>residentes</span> <span class='ocrx_word' id='word_1_23' title='bbox 1022 816 1133 908; x_wconf 83' lang='lat' dir='ltr'>settis,</span> <span class='ocrx_word' id='word_1_24' title='bbox 1170 817 1307 889; x_wconf 90' lang='lat' dir='ltr'>consilii</span> <span class='ocrx_word' id='word_1_25' title='bbox 1340 817 1505 888; x_wconf 85' lang='lat' dir='ltr'>ordinem</span> 
     </span>
     <span class='ocr_line' id='line_1_5' title="bbox 440 932 1501 1031; baseline -0.004 -25"><span class='ocrx_word' id='word_1_26' title='bbox 440 933 700 1031; x_wconf 63' lang='lat' dir='ltr'>exspectabant.</span> <span class='ocrx_word' id='word_1_27' title='bbox 730 932 915 1004; x_wconf 90' lang='lat' dir='ltr'>Wilelmus</span> <span class='ocrx_word' id='word_1_28' title='bbox 944 933 1034 1028; x_wconf 89' lang='lat' dir='ltr'>regis</span> <span class='ocrx_word' id='word_1_29' title='bbox 1062 933 1226 1029; x_wconf 90' lang='lat' dir='ltr'>injuriam</span> <span class='ocrx_word' id='word_1_30' title='bbox 1250 957 1326 1004; x_wconf 90' lang='lat' dir='ltr'>non</span> <span class='ocrx_word' id='word_1_31' title='bbox 1347 957 1501 1031; x_wconf 84' lang='lat' dir='ltr'>passus:</span> 
     </span>
     <span class='ocr_line' id='line_1_6' title="bbox 441 1049 1506 1147; baseline 0.005 -30"><span class='ocrx_word' id='word_1_32' title='bbox 441 1055 542 1139; x_wconf 82' lang='lat' dir='ltr'>«An,</span> <span class='ocrx_word' id='word_1_33' title='bbox 560 1077 578 1116; x_wconf 76' lang='lat' dir='ltr'>rr</span> <span class='ocrx_word' id='word_1_34' title='bbox 601 1049 727 1147; x_wconf 89' lang='lat' dir='ltr'>inquit,</span> <span class='ocrx_word' id='word_1_35' title='bbox 750 1079 768 1118; x_wconf 89' lang='lat'>«</span> <span class='ocrx_word' id='word_1_36' title='bbox 780 1049 836 1120; x_wconf 87' lang='lat' dir='ltr'>his</span> <span class='ocrx_word' id='word_1_37' title='bbox 854 1050 1023 1120; x_wconf 86' lang='lat' dir='ltr'>interesse</span> <span class='ocrx_word' id='word_1_38' title='bbox 1035 1073 1109 1120; x_wconf 91' lang='lat' dir='ltr'>non</span> <span class='ocrx_word' id='word_1_39' title='bbox 1121 1049 1250 1121; x_wconf 83' lang='lat' dir='ltr'>debui?</span> <span class='ocrx_word' id='word_1_40' title='bbox 1264 1051 1506 1122; x_wconf 89' lang='lat' dir='ltr'>Desertorisne</span> 
     </span>
     <span class='ocr_line' id='line_1_7' title="bbox 442 1162 1508 1265; baseline 0 -29"><span class='ocrx_word' id='word_1_41' title='bbox 442 1164 617 1236; x_wconf 88' lang='lat' dir='ltr'>dedecore</span> <span class='ocrx_word' id='word_1_42' title='bbox 647 1163 837 1262; x_wconf 91' lang='lat' dir='ltr'>aliquando</span> <span class='ocrx_word' id='word_1_43' title='bbox 865 1162 1018 1235; x_wconf 84' lang='lat' dir='ltr'>sordui?</span> <span class='ocrx_word' id='word_1_44' title='bbox 1049 1192 1066 1231; x_wconf 80' lang='lat' dir='ltr'>u</span> <span class='ocrx_word' id='word_1_45' title='bbox 1099 1165 1337 1262; x_wconf 88' lang='lat' dir='ltr'>Fervidusque</span> <span class='ocrx_word' id='word_1_46' title='bbox 1363 1167 1508 1265; x_wconf 87' lang='lat' dir='ltr'>propin·</span> 
     </span>
     <span class='ocr_line' id='line_1_8' title="bbox 442 1279 1508 1380; baseline 0.001 -29"><span class='ocrx_word' id='word_1_47' title='bbox 442 1306 580 1379; x_wconf 93' lang='lat' dir='ltr'>quans:</span> <span class='ocrx_word' id='word_1_48' title='bbox 605 1283 777 1378; x_wconf 82' lang='lat' dir='ltr'>«Smge,»</span> <span class='ocrx_word' id='word_1_49' title='bbox 797 1282 929 1378; x_wconf 90' lang='lat' dir='ltr'>iuquit,</span> <span class='ocrx_word' id='word_1_50' title='bbox 952 1279 1168 1380; x_wconf 82' lang='lat' dir='ltr'>«paululum</span> <span class='ocrx_word' id='word_1_51' title='bbox 1185 1279 1267 1354; x_wconf 86' lang='lat' dir='ltr'>rexi</span> <span class='ocrx_word' id='word_1_52' title='bbox 1288 1311 1306 1350; x_wconf 78' lang='lat' dir='ltr'>n</span> <span class='ocrx_word' id='word_1_53' title='bbox 1327 1286 1408 1369; x_wconf 90' lang='lat' dir='ltr'>Quo</span> <span class='ocrx_word' id='word_1_54' title='bbox 1422 1306 1508 1352; x_wconf 82' lang='lat' dir='ltr'>mox</span> 
     </span>
     <span class='ocr_line' id='line_1_9' title="bbox 442 1396 1508 1497; baseline 0 -28"><span class='ocrx_word' id='word_1_55' title='bbox 442 1413 623 1495; x_wconf 87' lang='lat' dir='ltr'>surgente,</span> <span class='ocrx_word' id='word_1_56' title='bbox 649 1399 725 1497; x_wconf 88' lang='lat' dir='ltr'>ipse</span> <span class='ocrx_word' id='word_1_57' title='bbox 748 1397 900 1487; x_wconf 86' lang='lat' dir='ltr'>resedit,</span> <span class='ocrx_word' id='word_1_58' title='bbox 920 1397 1078 1494; x_wconf 82' lang='lat' dir='ltr'>dixitque</span> <span class='ocrx_word' id='word_1_59' title='bbox 1101 1396 1270 1469; x_wconf 90' lang='lat' dir='ltr'>indecens</span> <span class='ocrx_word' id='word_1_60' title='bbox 1294 1422 1369 1470; x_wconf 89' lang='lat' dir='ltr'>esse</span> <span class='ocrx_word' id='word_1_61' title='bbox 1387 1422 1508 1494; x_wconf 92' lang='lat' dir='ltr'>regem</span> 
     </span>
     <span class='ocr_line' id='line_1_10' title="bbox 441 1514 1503 1614; baseline 0 -28"><span class='ocrx_word' id='word_1_62' title='bbox 441 1515 663 1604; x_wconf 82' lang='lat' dir='ltr'>inferiorem,</span> <span class='ocrx_word' id='word_1_63' title='bbox 692 1514 800 1586; x_wconf 87' lang='lat' dir='ltr'>alium</span> <span class='ocrx_word' id='word_1_64' title='bbox 817 1540 904 1586; x_wconf 86' lang='lat' dir='ltr'>vero</span> <span class='ocrx_word' id='word_1_65' title='bbox 923 1514 1115 1611; x_wconf 86' lang='lat' dir='ltr'>quemlibet</span> <span class='ocrx_word' id='word_1_66' title='bbox 1138 1515 1356 1614; x_wconf 87' lang='lat' dir='ltr'>superiorem</span> <span class='ocrx_word' id='word_1_67' title='bbox 1378 1515 1503 1586; x_wconf 87' lang='lat' dir='ltr'>videri.</span> 
     </span>
     <span class='ocr_line' id='line_1_11' title="bbox 443 1630 1508 1730; baseline 0.004 -29"><span class='ocrx_word' id='word_1_68' title='bbox 443 1635 667 1729; x_wconf 88' lang='lat' dir='ltr'>Quapropter</span> <span class='ocrx_word' id='word_1_69' title='bbox 689 1646 854 1730; x_wconf 93' lang='lat' dir='ltr'>oportere</span> <span class='ocrx_word' id='word_1_70' title='bbox 880 1634 1050 1704; x_wconf 89' lang='lat' dir='ltr'>Ottonem</span> <span class='ocrx_word' id='word_1_71' title='bbox 1074 1631 1158 1704; x_wconf 91' lang='lat' dir='ltr'>inde</span> <span class='ocrx_word' id='word_1_72' title='bbox 1177 1630 1336 1722; x_wconf 90' lang='lat' dir='ltr'>amoliri,</span> <span class='ocrx_word' id='word_1_73' title='bbox 1364 1633 1508 1730; x_wconf 88' lang='lat' dir='ltr'>regique</span> 
     </span>
     <span class='ocr_line' id='line_1_12' title="bbox 443 1747 1509 1845; baseline 0.001 -25"><span class='ocrx_word' id='word_1_74' title='bbox 443 1747 582 1820; x_wconf 89' lang='lat' dir='ltr'>cedere.</span> <span class='ocrx_word' id='word_1_75' title='bbox 604 1750 688 1819; x_wconf 89' lang='lat' dir='ltr'>Otto</span> <span class='ocrx_word' id='word_1_76' title='bbox 706 1747 844 1845; x_wconf 89' lang='lat' dir='ltr'>pudore</span> <span class='ocrx_word' id='word_1_77' title='bbox 863 1747 1007 1820; x_wconf 87' lang='lat' dir='ltr'>affectus</span> <span class='ocrx_word' id='word_1_78' title='bbox 1020 1749 1148 1845; x_wconf 85' lang='lat' dir='ltr'>surgit,</span> <span class='ocrx_word' id='word_1_79' title='bbox 1168 1771 1210 1818; x_wconf 89' lang='lat' dir='ltr'>ac</span> <span class='ocrx_word' id='word_1_80' title='bbox 1224 1749 1296 1845; x_wconf 91' lang='lat' dir='ltr'>regi</span> <span class='ocrx_word' id='word_1_81' title='bbox 1314 1748 1418 1820; x_wconf 92' lang='lat' dir='ltr'>cedit.</span> <span class='ocrx_word' id='word_1_82' title='bbox 1436 1753 1509 1821; x_wconf 86' lang='lat' dir='ltr'>Rex</span> 
     </span>
     <span class='ocr_line' id='line_1_13' title="bbox 444 1862 1448 1962; baseline 0.001 -29"><span class='ocrx_word' id='word_1_83' title='bbox 444 1864 563 1962; x_wconf 88' lang='lat' dir='ltr'>itaque</span> <span class='ocrx_word' id='word_1_84' title='bbox 580 1865 760 1962; x_wconf 82' lang='lat' dir='ltr'>superior,</span> <span class='ocrx_word' id='word_1_85' title='bbox 780 1880 817 1938; x_wconf 89' lang='lat' dir='ltr'>at</span> <span class='ocrx_word' id='word_1_86' title='bbox 833 1863 1018 1936; x_wconf 90' lang='lat' dir='ltr'>Wilelmus</span> <span class='ocrx_word' id='word_1_87' title='bbox 1036 1862 1181 1936; x_wconf 81' lang='lat' dir='ltr'>inferior</span> <span class='ocrx_word' id='word_1_88' title='bbox 1197 1863 1448 1936; x_wconf 87' lang='lat' dir='ltr'>consederunt.</span> 
     </span>
    </p>
   </div>
   <div class='ocr_carea' id='block_1_3' title="bbox 447 2252 1510 2410">
    <p class='ocr_par' dir='ltr' id='par_1_3' title="bbox 447 2252 1510 2410">
     <span class='ocr_line' id='line_1_14' title="bbox 447 2252 1510 2328; baseline 0.004 -22"><span class='ocrx_word' id='word_1_89' title='bbox 447 2252 595 2306; x_wconf 73' lang='lat' dir='ltr'>ml-</span> <span class='ocrx_word' id='word_1_90' title='bbox 606 2255 670 2306; x_wconf 89' lang='lat' dir='ltr'>Otto</span> <span class='ocrx_word' id='word_1_91' title='bbox 688 2255 812 2326; x_wconf 73' lang='lat' dir='ltr'>injuriam</span> <span class='ocrx_word' id='word_1_92' title='bbox 830 2257 878 2308; x_wconf 87' lang='lat' dir='ltr'>snb</span> <span class='ocrx_word' id='word_1_93' title='bbox 896 2257 981 2328; x_wconf 86' lang='lat' dir='ltr'>specie</span> <span class='ocrx_word' id='word_1_94' title='bbox 999 2255 1060 2310; x_wconf 82' lang='lat' dir='ltr'>fidet</span> <span class='ocrx_word' id='word_1_95' title='bbox 1080 2255 1208 2310; x_wconf 71' lang='lat' dir='ltr'>habende</span> <span class='ocrx_word' id='word_1_96' title='bbox 1227 2255 1386 2323; x_wconf 82' lang='lat' dir='ltr'>dissimulat,</span> <span class='ocrx_word' id='word_1_97' title='bbox 1404 2259 1510 2328; x_wconf 78' lang='lat' dir='ltr'>ejusque</span> 
     </span>
     <span class='ocr_line' id='line_1_15' title="bbox 901 2341 1061 2410; baseline -0.006 -18"><span class='ocrx_word' id='word_1_98' title='bbox 901 2341 1061 2410; x_wconf 79' lang='lat' dir='ltr'>conquestio.</span> 
     </span>
    </p>
   </div>
   <div class='ocr_carea' id='block_1_4' title="bbox 446 2499 1515 3882">
    <p class='ocr_par' dir='ltr' id='par_1_4' title="bbox 446 2499 1515 3882">
     <span class='ocr_line' id='line_1_16' title="bbox 495 2499 1512 2596; baseline -0.003 -25"><span class='ocrx_word' id='word_1_99' title='bbox 495 2501 580 2571; x_wconf 92' lang='lat' dir='ltr'>Otto</span> <span class='ocrx_word' id='word_1_100' title='bbox 602 2499 742 2595; x_wconf 90' lang='lat' dir='ltr'>penitus</span> <span class='ocrx_word' id='word_1_101' title='bbox 768 2499 932 2596; x_wconf 88' lang='lat' dir='ltr'>injuriam</span> <span class='ocrx_word' id='word_1_102' title='bbox 956 2499 1200 2590; x_wconf 82' lang='lat' dir='ltr'>dissimulans,</span> <span class='ocrx_word' id='word_1_103' title='bbox 1224 2499 1352 2572; x_wconf 89' lang='lat' dir='ltr'>baculo</span> <span class='ocrx_word' id='word_1_104' title='bbox 1369 2499 1512 2570; x_wconf 78' lang='lat' dir='ltr'>innixus</span> 
     </span>
     <span class='ocr_line' id='line_1_17' title="bbox 447 2614 1512 2713; baseline 0 -28"><span class='ocrx_word' id='word_1_105' title='bbox 447 2629 564 2713; x_wconf 88' lang='lat' dir='ltr'>coepto</span> <span class='ocrx_word' id='word_1_106' title='bbox 582 2615 724 2711; x_wconf 89' lang='lat' dir='ltr'>negotio</span> <span class='ocrx_word' id='word_1_107' title='bbox 743 2614 852 2687; x_wconf 87' lang='lat' dir='ltr'>finem</span> <span class='ocrx_word' id='word_1_108' title='bbox 870 2615 955 2688; x_wconf 90' lang='lat' dir='ltr'>dare</span> <span class='ocrx_word' id='word_1_109' title='bbox 977 2616 1104 2688; x_wconf 89' lang='lat' dir='ltr'>stando</span> <span class='ocrx_word' id='word_1_110' title='bbox 1123 2615 1311 2713; x_wconf 86' lang='lat' dir='ltr'>satagebat.</span> <span class='ocrx_word' id='word_1_111' title='bbox 1342 2621 1391 2686; x_wconf 82' lang='lat' dir='ltr'>Ac</span> <span class='ocrx_word' id='word_1_112' title='bbox 1409 2615 1512 2685; x_wconf 91' lang='lat' dir='ltr'>ratio-</span> 
     </span>
     <span class='ocr_line' id='line_1_18' title="bbox 447 2729 1511 2828; baseline -0.001 -27"><span class='ocrx_word' id='word_1_113' title='bbox 447 2729 552 2801; x_wconf 93' lang='lat' dir='ltr'>nibus</span> <span class='ocrx_word' id='word_1_114' title='bbox 577 2730 834 2823; x_wconf 86' lang='lat' dir='ltr'>determinatis,</span> <span class='ocrx_word' id='word_1_115' title='bbox 863 2757 926 2804; x_wconf 84' lang='lat' dir='ltr'>rex</span> <span class='ocrx_word' id='word_1_116' title='bbox 955 2757 1038 2804; x_wconf 89' lang='lat' dir='ltr'>cum</span> <span class='ocrx_word' id='word_1_117' title='bbox 1068 2731 1329 2804; x_wconf 89' lang='lat' dir='ltr'>consultoribus</span> <span class='ocrx_word' id='word_1_118' title='bbox 1366 2755 1511 2828; x_wconf 84' lang='lat' dir='ltr'>surgens</span> 
     </span>
     <span class='ocr_line' id='line_1_19' title="bbox 446 2846 1512 2945; baseline 0.001 -28"><span class='ocrx_word' id='word_1_119' title='bbox 446 2846 634 2943; x_wconf 87' lang='lat' dir='ltr'>egreditur.</span> <span class='ocrx_word' id='word_1_120' title='bbox 669 2852 753 2919; x_wconf 93' lang='lat' dir='ltr'>Otto</span> <span class='ocrx_word' id='word_1_121' title='bbox 784 2848 982 2945; x_wconf 84' lang='lat' dir='ltr'>injuriam¹</span> <span class='ocrx_word' id='word_1_122' title='bbox 1018 2849 1173 2921; x_wconf 91' lang='lat' dir='ltr'>Wilelrni</span> <span class='ocrx_word' id='word_1_123' title='bbox 1205 2848 1512 2920; x_wconf 87' lang='lat' dir='ltr'>vehementissime</span> 
     </span>
     <span class='ocr_line' id='line_1_20' title="bbox 447 2960 1512 3061; baseline 0.005 -30"><span class='ocrx_word' id='word_1_124' title='bbox 447 2960 692 3052; x_wconf 90' lang='lat' dir='ltr'>dissimulans,</span> <span class='ocrx_word' id='word_1_125' title='bbox 717 2963 814 3061; x_wconf 92' lang='lat' dir='ltr'>apud</span> <span class='ocrx_word' id='word_1_126' title='bbox 837 2989 920 3035; x_wconf 90' lang='lat' dir='ltr'>eum</span> <span class='ocrx_word' id='word_1_127' title='bbox 939 2964 985 3037; x_wconf 93' lang='lat' dir='ltr'>de</span> <span class='ocrx_word' id='word_1_128' title='bbox 1003 2964 1086 3038; x_wconf 85' lang='lat' dir='ltr'>fidei</span> <span class='ocrx_word' id='word_1_129' title='bbox 1104 2967 1300 3039; x_wconf 87' lang='lat' dir='ltr'>constantia</span> <span class='ocrx_word' id='word_1_130' title='bbox 1323 2967 1415 3038; x_wconf 91' lang='lat' dir='ltr'>inter</span> <span class='ocrx_word' id='word_1_131' title='bbox 1438 2989 1512 3036; x_wconf 91' lang='lat' dir='ltr'>sese</span> 
     </span>
     <span class='ocr_line' id='line_1_21' title="bbox 447 3077 1513 3179; baseline 0.003 -32"><span class='ocrx_word' id='word_1_132' title='bbox 447 3077 622 3159; x_wconf 87' lang='lat' dir='ltr'>servanda</span> <span class='ocrx_word' id='word_1_133' title='bbox 636 3077 831 3178; x_wconf 91' lang='lat' dir='ltr'>plurimum</span> <span class='ocrx_word' id='word_1_134' title='bbox 848 3082 1035 3153; x_wconf 88' lang='lat' dir='ltr'>consultat.</span> <span class='ocrx_word' id='word_1_135' title='bbox 1058 3082 1162 3155; x_wconf 91' lang='lat' dir='ltr'>Unde</span> <span class='ocrx_word' id='word_1_136' title='bbox 1180 3098 1215 3154; x_wconf 91' lang='lat' dir='ltr'>et</span> <span class='ocrx_word' id='word_1_137' title='bbox 1233 3097 1447 3179; x_wconf 85' lang='lat' dir='ltr'>conceptum</span> <span class='ocrx_word' id='word_1_138' title='bbox 1468 3080 1513 3151; x_wconf 81' lang='lat' dir='ltr'>ia·</span> 
     </span>
     <span class='ocr_line' id='line_1_22' title="bbox 446 3194 1512 3295; baseline 0.005 -30"><span class='ocrx_word' id='word_1_139' title='bbox 446 3194 563 3285; x_wconf 91' lang='lat' dir='ltr'>cinus,</span> <span class='ocrx_word' id='word_1_140' title='bbox 591 3197 695 3267; x_wconf 88' lang='lat' dir='ltr'>variis</span> <span class='ocrx_word' id='word_1_141' title='bbox 713 3196 907 3268; x_wconf 88' lang='lat' dir='ltr'>verborum</span> <span class='ocrx_word' id='word_1_142' title='bbox 929 3197 1109 3270; x_wconf 89' lang='lat' dir='ltr'>coloribus</span> <span class='ocrx_word' id='word_1_143' title='bbox 1125 3198 1277 3273; x_wconf 84' lang='lat' dir='ltr'>obvelat.</span> <span class='ocrx_word' id='word_1_144' title='bbox 1299 3198 1437 3285; x_wconf 83' lang='lat' dir='ltr'>Quibus</span> <span class='ocrx_word' id='word_1_145' title='bbox 1454 3222 1512 3295; x_wconf 85' lang='lat' dir='ltr'>pe·</span> 
     </span>
     <span class='ocr_line' id='line_1_23' title="bbox 446 3314 1512 3406; baseline 0.002 -24"><span class='ocrx_word' id='word_1_146' title='bbox 446 3314 566 3403; x_wconf 91' lang='lat' dir='ltr'>ractis,</span> <span class='ocrx_word' id='word_1_147' title='bbox 583 3338 645 3406; x_wconf 84' lang='lat' dir='ltr'>rex</span> <span class='ocrx_word' id='word_1_148' title='bbox 658 3340 741 3386; x_wconf 92' lang='lat' dir='ltr'>oum</span> <span class='ocrx_word' id='word_1_149' title='bbox 755 3314 922 3385; x_wconf 90' lang='lat' dir='ltr'>Wilelmo</span> <span class='ocrx_word' id='word_1_150' title='bbox 937 3315 982 3387; x_wconf 88' lang='lat' dir='ltr'>ad</span> <span class='ocrx_word' id='word_1_151' title='bbox 995 3341 1059 3386; x_wconf 92' lang='lat' dir='ltr'>sua</span> <span class='ocrx_word' id='word_1_152' title='bbox 1071 3331 1215 3388; x_wconf 87' lang='lat' dir='ltr'>remeat.</span> <span class='ocrx_word' id='word_1_153' title='bbox 1231 3320 1317 3387; x_wconf 91' lang='lat' dir='ltr'>Otto</span> <span class='ocrx_word' id='word_1_154' title='bbox 1331 3340 1416 3386; x_wconf 90' lang='lat' dir='ltr'>vero</span> <span class='ocrx_word' id='word_1_155' title='bbox 1430 3339 1512 3384; x_wconf 90' lang='lat' dir='ltr'>cum</span> 
     </span>
     <span class='ocr_line' id='line_1_24' title="bbox 447 3429 1514 3526; baseline -0.002 -27"><span class='ocrx_word' id='word_1_156' title='bbox 447 3434 597 3526; x_wconf 86' lang='lat' dir='ltr'>Hugone</span> <span class='ocrx_word' id='word_1_157' title='bbox 622 3445 658 3500; x_wconf 89' lang='lat' dir='ltr'>et</span> <span class='ocrx_word' id='word_1_158' title='bbox 687 3430 834 3500; x_wconf 80' lang='lat' dir='ltr'>Amulio</span> <span class='ocrx_word' id='word_1_159' title='bbox 865 3430 1051 3502; x_wconf 89' lang='lat' dir='ltr'>consilium</span> <span class='ocrx_word' id='word_1_160' title='bbox 1065 3432 1283 3522; x_wconf 76' lang='lat' dir='ltr'>conferens,</span> <span class='ocrx_word' id='word_1_161' title='bbox 1317 3432 1363 3504; x_wconf 91' lang='lat' dir='ltr'>de</span> <span class='ocrx_word' id='word_1_162' title='bbox 1386 3429 1514 3526; x_wconf 90' lang='lat' dir='ltr'>injuria</span> 
     </span>
     <span class='ocr_line' id='line_1_25' title="bbox 447 3545 1513 3648; baseline 0.004 -35"><span class='ocrx_word' id='word_1_163' title='bbox 447 3545 599 3640; x_wconf 86' lang='lat' dir='ltr'>irrogata</span> <span class='ocrx_word' id='word_1_164' title='bbox 635 3545 731 3644; x_wconf 91' lang='lat' dir='ltr'>apud</span> <span class='ocrx_word' id='word_1_165' title='bbox 774 3546 853 3618; x_wconf 91' lang='lat' dir='ltr'>illos</span> <span class='ocrx_word' id='word_1_166' title='bbox 895 3549 1045 3647; x_wconf 88' lang='lat' dir='ltr'>amplius</span> <span class='ocrx_word' id='word_1_167' title='bbox 1079 3550 1383 3648; x_wconf 88' lang='lat' dir='ltr'>conquerebatur;</span> <span class='ocrx_word' id='word_1_168' title='bbox 1424 3547 1513 3618; x_wconf 87' lang='lat' dir='ltr'>ultra</span> 
     </span>
     <span class='ocr_line' id='line_1_26' title="bbox 446 3663 1515 3762; baseline 0.003 -32"><span class='ocrx_word' id='word_1_169' title='bbox 446 3685 588 3757; x_wconf 89' lang='lat' dir='ltr'>aequum</span> <span class='ocrx_word' id='word_1_170' title='bbox 607 3676 642 3733; x_wconf 91' lang='lat' dir='ltr'>et</span> <span class='ocrx_word' id='word_1_171' title='bbox 655 3663 714 3759; x_wconf 93' lang='lat' dir='ltr'>jus</span> <span class='ocrx_word' id='word_1_172' title='bbox 732 3687 808 3734; x_wconf 87' lang='lat' dir='ltr'>sese</span> <span class='ocrx_word' id='word_1_173' title='bbox 825 3681 984 3762; x_wconf 91' lang='lat' dir='ltr'>spretum</span> <span class='ocrx_word' id='word_1_174' title='bbox 1002 3690 1223 3757; x_wconf 89' lang='lat' dir='ltr'>memorans,</span> <span class='ocrx_word' id='word_1_175' title='bbox 1243 3692 1285 3739; x_wconf 89' lang='lat' dir='ltr'>ac</span> <span class='ocrx_word' id='word_1_176' title='bbox 1297 3689 1420 3738; x_wconf 88' lang='lat' dir='ltr'>coram</span> <span class='ocrx_word' id='word_1_177' title='bbox 1433 3663 1515 3734; x_wconf 86' lang='lat' dir='ltr'>arni·</span> 
     </span>
     <span class='ocr_line' id='line_1_27' title="bbox 448 3776 1511 3882; baseline 0.005 -36"><span class='ocrx_word' id='word_1_178' title='bbox 448 3776 498 3847; x_wconf 88' lang='lat' dir='ltr'>cis</span> <span class='ocrx_word' id='word_1_179' title='bbox 516 3801 538 3848; x_wconf 85' lang='lat' dir='ltr'>a</span> <span class='ocrx_word' id='word_1_180' title='bbox 554 3777 697 3850; x_wconf 90' lang='lat' dir='ltr'>sedibus</span> <span class='ocrx_word' id='word_1_181' title='bbox 714 3796 895 3872; x_wconf 75' lang='lat' dir='ltr'>amotum,</span> <span class='ocrx_word' id='word_1_182' title='bbox 917 3782 1050 3853; x_wconf 89' lang='lat' dir='ltr'>amicos</span> <span class='ocrx_word' id='word_1_183' title='bbox 1068 3807 1151 3880; x_wconf 90' lang='lat' dir='ltr'>ergo</span> <span class='ocrx_word' id='word_1_184' title='bbox 1166 3784 1321 3882; x_wconf 90' lang='lat' dir='ltr'>compati</span> <span class='ocrx_word' id='word_1_185' title='bbox 1334 3797 1511 3881; x_wconf 90' lang='lat' dir='ltr'>oportere,</span> 
     </span>
    </p>
   </div>
   <div class='ocr_carea' id='block_1_5' title="bbox 447 3895 1515 4116">
    <p class='ocr_par' dir='ltr' id='par_1_5' title="bbox 447 3895 1515 4116">
     <span class='ocr_line' id='line_1_28' title="bbox 447 3895 1514 3994; baseline 0.001 -28"><span class='ocrx_word' id='word_1_186' title='bbox 447 3910 484 3980; x_wconf 85' lang='lat' dir='ltr'>et</span> <span class='ocrx_word' id='word_1_187' title='bbox 506 3895 798 3992; x_wconf 82' lang='lat' dir='ltr'>amiciinjuriam</span> <span class='ocrx_word' id='word_1_188' title='bbox 816 3924 918 3970; x_wconf 91' lang='lat' dir='ltr'>suam</span> <span class='ocrx_word' id='word_1_189' title='bbox 935 3898 1065 3972; x_wconf 88' lang='lat' dir='ltr'>debere</span> <span class='ocrx_word' id='word_1_190' title='bbox 1083 3899 1254 3972; x_wconf 86' lang='lat' dir='ltr'>arbitrari.</span> <span class='ocrx_word' id='word_1_191' title='bbox 1280 3899 1332 3970; x_wconf 84' lang='lat' dir='ltr'>Ab</span> <span class='ocrx_word' id='word_1_192' title='bbox 1357 3899 1407 3970; x_wconf 91' lang='lat' dir='ltr'>eis</span> <span class='ocrx_word' id='word_1_193' title='bbox 1430 3922 1514 3994; x_wconf 92' lang='lat' dir='ltr'>quo·</span> 
     </span>
     <span class='ocr_line' id='line_1_29' title="bbox 448 4013 1515 4116; baseline 0.004 -34"><span class='ocrx_word' id='word_1_194' title='bbox 448 4036 518 4110; x_wconf 89' lang='lat' dir='ltr'>que</span> <span class='ocrx_word' id='word_1_195' title='bbox 544 4027 680 4085; x_wconf 90' lang='lat' dir='ltr'>tantam</span> <span class='ocrx_word' id='word_1_196' title='bbox 703 4013 928 4086; x_wconf 86' lang='lat' dir='ltr'>insolentiam</span> <span class='ocrx_word' id='word_1_197' title='bbox 946 4040 1173 4116; x_wconf 89' lang='lat' dir='ltr'>summopere</span> <span class='ocrx_word' id='word_1_198' title='bbox 1191 4015 1432 4116; x_wconf 89' lang='lat' dir='ltr'>repellendam</span> <span class='ocrx_word' id='word_1_199' title='bbox 1450 4015 1515 4100; x_wconf 86' lang='lat' dir='ltr'>aie·</span> 
     </span>
    </p>
   </div>
   <div class='ocr_carea' id='block_1_6' title="bbox 484 4217 751 4270">
    <p class='ocr_par' dir='ltr' id='par_1_6' title="bbox 484 4217 751 4270">
     <span class='ocr_line' id='line_1_30' title="bbox 484 4217 751 4270; baseline 0.004 -3"><span class='ocrx_word' id='word_1_200' title='bbox 484 4217 492 4253; x_wconf 81' lang='lat'>¹</span> <span class='ocrx_word' id='word_1_201' title='bbox 511 4217 713 4270; x_wconf 83' lang='lat' dir='ltr'>benivolentiam</span> <span class='ocrx_word' id='word_1_202' title='bbox 726 4222 751 4269; x_wconf 90' lang='lat' dir='ltr'>l.</span> 
     </span>
    </p>
   </div>
   <div class='ocr_carea' id='block_1_7' title="bbox 0 0 1727 5392">
    <p class='ocr_par' dir='ltr' id='par_1_7' title="bbox 0 0 1727 5392">
     <span class='ocr_line' id='line_1_31' title="bbox 0 0 1727 5392; baseline 0 0"><span class='ocrx_word' id='word_1_203' title='bbox 0 0 1727 5392; x_wconf 95' lang='lat' dir='ltr'> </span> 
     </span>
    </p>
   </div>
  </div>
 </body>
</html>
