3417 5392
462 553 503 610 ³0
829 549 994 612 RlCHElll
1020 551 1093 612 LlB.
1119 549 1145 610 1.

463 674 535 742 nisi
544 687 708 756 mortem,
734 671 911 742 malorum
924 673 1041 763 finem
1063 689 1241 768 exspecto.
1261 676 1341 760 Qua
1362 697 1531 772 conquas·

462 788 560 858 tione
578 787 666 858 alios
682 785 729 858 ad
745 787 1023 858 benivolentiam
1036 787 1151 879 traxit,
1172 788 1260 859 alios
1277 813 1363 862 vero
1376 791 1423 862 ad
1436 792 1531 865 lacri-

463 929 539 976 mas
561 905 712 1004 impulit.
739 903 843 976 Unde
861 919 897 976 et
917 904 1044 975 milites
1073 929 1139 1002 pro
1162 929 1205 976 eo
1228 921 1387 1002 agentes,
1413 931 1531 1004 regern

461 1023 683 1112 demulcent,
714 1021 814 1092 etad
834 1022 974 1121 pietatis
1000 1020 1223 1092 clementiam
1253 1021 1420 1113 suadent3
1444 1024 1532 1097 nibil

462 1141 536 1236 regi
549 1139 719 1238 prodesse
733 1153 939 1226 asserenteS,
960 1139 990 1208 si
1007 1161 1154 1208 suorum
1172 1138 1348 1237 quispiam
1364 1140 1530 1232 intereat3

462 1256 574 1325 immo
599 1256 636 1324 in
659 1253 789 1325 tiranni
809 1254 987 1326 occisione
1009 1255 1255 1350 gaudendum,
1279 1255 1336 1326 vel
1353 1257 1437 1353 quia
1454 1259 1532 1330 vitae

461 1371 567 1442 datus
584 1371 629 1441 sit
645 1371 674 1441 si
687 1369 801 1441 tidelis
814 1370 975 1458 decessit,
992 1369 1048 1440 vel
1061 1371 1145 1467 quia
1158 1371 1233 1466 ejus
1245 1371 1380 1442 insidiae
1392 1373 1533 1470 penitus

461 1487 655 1560 defecerint
672 1489 701 1558 si
719 1489 755 1558 in
770 1487 855 1559 dolo
874 1485 1091 1585 baptismum
1104 1489 1305 1587 susceperit.
1321 1487 1460 1575 Quibus
1473 1515 1533 1562 rex

462 1607 624 1678 animum
655 1622 872 1704 temperans,
903 1604 1075 1676 tumulato
1099 1604 1269 1695 barbam,
1298 1609 1471 1702 ingonem
1495 1607 1532 1678 in

459 1725 573 1821 gratia
585 1723 743 1794 resumit.
761 1725 804 1792 Et
817 1721 962 1820 insuper
974 1736 1128 1792 castrum
1140 1721 1239 1818 quod
1253 1721 1393 1794 Blesum
1407 1722 1534 1794 dicitur

463 1843 496 1913 ei
513 1840 703 1912 liberaliter
718 1837 983 1926 accommodat,
1000 1823 1044 1908 eo
1062 1837 1162 1934 quod
1180 1838 1209 1907 is
1226 1835 1289 1934 qui
1307 1839 1411 1909 castri
1421 1855 1534 1910 custo-

464 1956 560 2029 diam
590 1954 732 2054 agebat,
761 1959 801 2026 ln
830 1953 926 2026 bello
955 1955 1114 2053 pyratico
1148 1955 1284 2024 occisus
1311 1970 1412 2025 esset.
1451 1956 1534 2052 Ejus

463 2097 608 2170 quoque
627 2094 775 2144 uxorem
793 2068 1010 2162 derelictam,
1032 2068 1130 2142 dono
1145 2072 1241 2167 regio
1255 2071 1292 2142 in
1306 2073 1534 2146 matrimonio

462 2196 551 2286 lngo
564 2187 632 2259 sibi
650 2186 846 2287 accopulat.
870 2187 970 2282 Regis
992 2185 1119 2258 exinde
1141 2211 1182 2258 ac
1206 2187 1410 2285 principum
1427 2189 1536 2284 gratia

464 2306 662 2378 admodum
684 2329 785 2391 usus,
805 2326 976 2401 prospere
997 2325 1039 2372 ac
1061 2301 1206 2374 feliciter
1234 2303 1356 2375 omnia
1378 2304 1531 2400 gerebat.

463 2426 597 2494 Verum
610 2419 648 2492 id
665 2421 703 2491 in
719 2417 831 2491 brevi.
850 2422 940 2488 Nam
957 2417 1147 2490 vulnerum
1164 2419 1277 2492 sanies
1290 2419 1382 2494 male
1396 2445 1416 2492 a
1430 2421 1536 2494 cirur

463 2541 516 2636 gis
533 2551 732 2637 amputata,
756 2559 841 2606 cum
869 2533 936 2604 sub
957 2535 1105 2606 recutita
1130 2535 1333 2635 superficie,
1359 2552 1535 2612 tumorem

463 2657 674 2727 intrinsecus
701 2666 925 2751 operaretur,
959 2651 1070 2721 nimio
1101 2651 1262 2722 humoris
1288 2653 1533 2744 reumatismo,

463 2774 545 2872 plus
561 2771 707 2844 biennio
721 2783 879 2858 vexatus,
900 2769 938 2840 in
951 2768 1081 2839 lectum
1100 2767 1242 2839 decidit.
1265 2767 1369 2840 Unde
1381 2785 1417 2841 et
1435 2771 1537 2843 inter

464 2891 565 2962 cluso
577 2903 749 2975 reumate,
766 2887 906 2985 penitus
919 2884 1097 2956 intumuit.
1111 2885 1239 2982 Sicque
1252 2900 1329 2956 toto
1347 2885 1534 2984 erisipilato

467 3033 631 3106 corpore,
646 3007 757 3076 vitam
774 3004 903 3093 amisit,
918 3002 1111 3075 Gerlonem
1126 3003 1239 3074 lilium
1256 3027 1407 3103 parvum
1420 3029 1536 3102 super

468 3125 584 3196 stitem
598 3123 818 3221 relinquens,
836 3121 899 3218 qui
912 3119 958 3191 ab
971 3144 1053 3216 rege
1066 3120 1175 3191 tutori
1192 3119 1415 3211 commissus,
1435 3121 1537 3219 patri·

467 3243 632 3313 monium
644 3265 728 3313 curn
740 3254 854 3310 matre
867 3234 1036 3336 possedit.

723 3736 791 3788 xn.
803 3764 839 3777 -
850 3733 1008 3787 nomano*
1022 3733 1114 3786 aaron
1126 3732 1154 3784 tn
1166 3733 1285 3804 reuma

520 3895 658 3963 lnterea
673 3917 735 3963 rex
752 3917 774 3962 a
794 3892 982 3964 Lemovica
1001 3889 1088 3961 urbe
1107 3887 1279 3978 dimotus,
1301 3886 1539 3960 Ecbolisinam

473 4009 576 4107 petit,
592 4036 634 4082 ac
651 4009 701 4081 ibi
718 4035 866 4106 quaeque
880 4006 1033 4107 gerenda
1046 4006 1214 4106 disponit.
1243 4010 1314 4076 Nec
1327 4003 1441 4075 multo
1459 4019 1540 4103 post

472 4149 597 4232 petens
610 4131 853 4239 Petregoram,
875 4125 1048 4199 nobilium
1067 4150 1189 4198 causas
1206 4149 1285 4221 quac
1301 4120 1421 4194 litibus
1441 4121 1542 4218 agita-

509 4338 525 4372 *
543 4338 594 4400 tio,
608 4352 650 4386 em
662 4333 765 4385 abscisa.
