3417 5392
463 548 522 609 268
839 550 1005 611 RlCHElll
1028 552 1101 611 LlB.
1127 551 1168 610 11.

896 1098 899 1101 .
946 1039 1045 1092 xcvl.

510 1192 678 1293 Episcopi
703 1194 823 1289 itaque
839 1192 1035 1265 Galliarum
1053 1194 1278 1265 anathemate
1303 1194 1412 1283 moti,
1440 1192 1535 1291 apud

393 1356 395 1361 ι
462 1310 593 1383 ducem
605 1310 832 1408 colliguntur,
863 1325 898 1382 et
921 1311 1005 1381 inde
1023 1311 1229 1409 gravissime
1252 1326 1532 1407 conqueruntur,

460 1452 504 1500 ex
523 1428 672 1499 decretis
694 1442 860 1525 patrum,
881 1428 1061 1524 sacrisque
1078 1426 1277 1498 canonibus
1291 1426 1374 1497 duci
1389 1427 1535 1499 demon·

460 1559 611 1617 strantes
639 1544 821 1615 neminem
848 1559 941 1615 stare
969 1544 1197 1642 pertinaciter
1224 1542 1393 1615 adversus
1424 1542 1534 1614 domi·

394 1718 406 1741 .
459 1685 550 1733 num
560 1686 665 1733 suum
679 1660 828 1751 debere,
845 1684 913 1731 nec
931 1673 1064 1731 temere
1084 1662 1122 1731 in
1148 1684 1232 1731 eum
1249 1660 1442 1757 quicquam
1459 1684 1533 1731 mo

458 1777 527 1850 liri.
555 1777 647 1849 lllud
666 1780 773 1850 etiam
790 1778 1055 1878 promptissime
1082 1791 1303 1866 monstrant,
1336 1775 1532 1847 secundum

459 1896 683 1994 Apostolum,
699 1920 819 1992 regern
831 1889 1171 1983 honorificandum,
1200 1908 1235 1964 et
1253 1917 1329 1963 non
1348 1892 1467 1965 solum
1484 1918 1533 1967 re

459 2035 557 2107 gem,
572 2036 698 2083 verum
712 2036 859 2083 omnem
869 2024 1082 2109 potestatem
1101 2002 1274 2107 majorem
1291 2010 1462 2106 subjectis
1473 2010 1533 2081 do

458 2128 586 2199 minari
603 2127 733 2200 debere
751 2144 932 2219 asserunt3
959 2114 1165 2226 preterhaiec
1188 2153 1333 2224 quoque
1358 2128 1532 2225 pernicio-

457 2252 636 2322 sissimum
666 2276 762 2341 esse,
799 2249 1036 2351 apostolieum
1078 2250 1267 2323 anathema
1308 2250 1532 2349 pertinaciter

457 2370 697 2470 vilipendere,
731 2396 815 2442 cum
841 2370 879 2442 id
896 2373 942 2443 sit
959 2370 1099 2469 gladius¹
1121 2373 1184 2469 qui
1215 2386 1378 2471 penetrat
1404 2396 1531 2471 corpus

458 2513 572 2585 usque
590 2487 637 2559 ad
650 2488 824 2579 animam,
848 2502 885 2561 et
902 2489 952 2559 sic
970 2486 1201 2560 mortificatos
1227 2513 1249 2559 a
1273 2513 1385 2585 regno
1411 2487 1531 2559 beato-

461 2630 544 2676 rum
558 2606 747 2704 spirituum
769 2606 928 2705 repellat.
950 2604 1022 2675 Sibi
1041 2606 1150 2677 etiam
1173 2606 1333 2704 periculo
1359 2629 1436 2677 esse
1461 2631 1531 2676 me-

457 2736 623 2814 morant,
654 2724 682 2794 si
699 2722 738 2793 id
757 2722 858 2820 quod
882 2722 1068 2795 animabus
1085 2722 1283 2821 periculum
1306 2723 1452 2819 ingerit,
1473 2746 1532 2794 ne·

458 2838 634 2937 glegentes
647 2864 722 2911 non
737 2840 972 2911 innotescant.
1064 2832 1067 2838 ’

933 3054 1045 3109 XCVH.

504 3204 646 3279 Talibus
670 3206 743 3279 dux
764 3224 970 3306 persuasus,
999 3206 1073 3303 regi
1103 3203 1285 3277 humiliter
1310 3206 1528 3278 reconciliari

456 3320 636 3420 deposcit,
668 3323 772 3421 eique
797 3320 1058 3393 satisfacturum
1081 3346 1157 3395 sese
1185 3323 1386 3422 pollicetur.
1417 3326 1528 3419 Hujus

456 3436 658 3511 concordiae
690 3454 726 3511 et
764 3440 884 3537 pacis,
919 3438 1143 3511 ordinatores
1181 3440 1278 3512 luere
1317 3441 1528 3514 Chonratius

457 3554 529 3625 dux
545 3571 580 3628 et
599 3562 702 3654 Hugo
724 3544 970 3654 cognomento
980 3556 1097 3653 Niger,
1114 3556 1290 3629 Adalbero
1312 3583 1459 3655 quoque
1482 3575 1530 3630 at-

456 3696 528 3771 que
539 3672 724 3745 Fulbertus
746 3674 915 3773 episcopi.
941 3676 985 3745 Et
1007 3673 1065 3746 die
1087 3676 1279 3746 constituta
1309 3700 1372 3746 rex
1397 3690 1433 3745 et
1456 3676 1528 3747 dux

422 3801 424 3809 '
457 3790 687 3861 conveniunt.
720 3797 768 3863 Ac
797 3816 899 3863 secus
927 3791 1078 3862 fluvium
1099 3794 1299 3863 Matronam
1321 3790 1524 3881 conlocuti,

455 3906 676 4006 principibus
696 3907 873 4006 praedictis
899 3908 1149 3997 internuntiis,
1184 3908 1221 3977 in
1245 3932 1424 3978 summam
1445 3933 1528 3978 eon·

455 4023 615 4097 cordiam
637 4024 887 4122 benignissime
905 4025 1099 4097 redierunt.
1121 4028 1166 4095 Et
1183 4038 1318 4121 quanto
1336 4022 1526 4096 vehemen-

456 4139 525 4211 tius
541 4156 622 4213 ante
637 4144 673 4213 in
696 4168 771 4213 sese
794 4143 939 4239 grassati
962 4140 1080 4231 luere,
1103 4156 1203 4212 tanto
1223 4140 1375 4239 amplius
1398 4140 1526 4213 exinde

456 4258 608 4329 amicitia
621 4283 660 4330 se
672 4258 825 4330 coluere.
850 4262 952 4354 Hugo
966 4259 1084 4355 itaque
1104 4258 1178 4329 dux
1196 4283 1261 4356 per
1273 4282 1402 4330 manus
1420 4274 1458 4330 et
1475 4283 1538 4330 sa·.
