3417 5392
443 541 448 553 '
471 538 526 596 158
832 529 998 590 ltlcnssltt
1020 529 1094 594 ΗΒ.
1120 531 1161 594 ll.

467 653 579 726 illium
596 653 797 748 lingonum,
815 649 1050 749 presbiterum
1069 652 1257 725 ordinavit.
1280 653 1383 726 Unde
1401 665 1438 725 et
1452 677 1532 726 eum

466 784 567 870 puter
583 767 792 842 sacerdotali
811 767 982 866 dignitate
998 762 1167 867 nnpliare
1187 767 1346 866 cupiens,
1367 783 1408 840 ut
1427 769 1534 841 Autol-

452 885 536 958 dus
558 883 786 984 pontificante
808 884 908 982 apice
938 881 1094 980 legaliter
1123 885 1337 983 privaretur,
1366 885 1534 956 instanter

467 1002 657 1102 quaerebat.
678 1001 786 1097 Cujus
807 1001 860 1072 rei
881 999 1055 1072 rationem
1072 1019 1155 1072 oum
1176 1002 1327 1098 Hugonc
1345 999 1438 1074 duce
1455 1025 1535 1074 con·

472 1118 563 1210 tulit,
579 1144 621 1190 nc
639 1120 676 1189 in
693 1116 857 1190 effectum
869 1114 980 1213 redigi
992 1114 1191 1187 admodum
1203 1116 1314 1216 petiit.

468 1413 556 1466 XXV.
574 1441 610 1454 -
629 1409 777 1464 Aitoldus*
796 1429 812 1462 a
834 1397 1122 1482 comprovincialibus*
1144 1407 1469 1482 episcopis*repndi1tnr
1489 1411 1534 1462 et*

843 1519 894 1571 pro
906 1517 938 1552 eo
950 1499 1028 1571 Hugo
1041 1499 1154 1570 eligitur.

516 1672 693 1771 Dispositu
727 1689 811 1768 ergo
835 1672 1015 1742 rationum
1037 1687 1193 1762 summe,
1224 1669 1407 1742 [lemensis
1424 1669 1541 1768 dioce-¹

467 1808 547 1862 seos
569 1785 756 1887 episcopos
775 1800 989 1875 convocant,
1013 1783 1075 1883 qui
1093 1783 1185 1858 inter
1202 1783 1389 1856 lutoldum
1414 1795 1450 1856 et
1467 1785 1536 1856 Hu-

468 1924 620 2005 gonem,
647 1902 927 1975 controversiam
956 1895 1213 1992 determinent,
1246 1897 1537 1999 objectorumque

468 2020 577 2094 finem
594 2017 823 2091 constituent.
845 2013 992 2089 Collecti
1006 2041 1090 2115 ergo
1104 2015 1200 2116 apud
1218 2016 1345 2089 urbem
1358 2014 1538 2090 Suessoni-

468 2133 622 2228 cam2dn
641 2127 785 2206 basilica
798 2147 1003 2204 sanctorum
1026 2133 1211 2230 murdrum
1225 2132 1377 2232 Crispini
1396 2149 1432 2206 et
1452 2135 1538 2206 Cris·

469 2249 617 2355 piniani,
644 2246 775 2322 civium
800 2247 1027 2320 Remensium
1055 2242 1236 2346 querelam
1258 2247 1458 2348 excipiunt,
1488 2243 1537 2319 di·

468 2369 626 2443 centium
636 2391 713 2438 sese
730 2364 927 2436 diutissime
939 2379 1081 2464 pastore
1100 2365 1302 2456 destitutos,
1319 2366 1377 2438 cui
1388 2364 1538 2436 subden-

468 2503 527 2558 tur
544 2499 580 2559 et
592 2483 847 2579 obsequantur,
862 2479 1066 2578 suppliciter
1078 2495 1252 2578 expetere.
1269 2473 1455 2552 lutoldum
1465 2480 1537 2575 jam

469 2630 507 2677 se
519 2601 628 2691 nolle,
643 2617 687 2672 eo
701 2596 800 2696 quod
813 2609 1035 2670 sacramento
1049 2593 1269 2696 episcopium
1281 2595 1534 2695 repudiaverit3

469 2721 718 2815 atliugonem,
740 2714 841 2811 quod
859 2715 1022 2786 omnium
1040 2713 1174 2785 unione
1193 2713 1337 2803 electus,
1360 2711 1537 2786 omnibus

469 2853 541 2934 qne
557 2830 819 2930 acceptissimus
849 2831 906 2902 sit.
936 2833 1100 2917 Quorum
1121 2830 1361 2927 querimoniis
1382 2830 1536 2930 episcopi

469 2962 684 3037 annuentes,
700 2946 900 3018 sacerdotio
922 2945 1071 3044 dignum
1090 2947 1278 3045 [ingonem
1295 2959 1470 3037 tesemnt,
1495 2968 1536 3019 eo

468 3065 570 3165 quod
582 3081 657 3136 non
677 3062 793 3135 solum
815 3059 931 3134 cumis
950 3057 1128 3154 nobilitas,
1154 3057 1217 3136 sed
1239 3077 1275 3134 et
1292 3059 1402 3134 animi
1421 3083 1537 3135 mores

447 3177 592 3285 ‘pudici
618 3176 812 3280 plurimum
831 3197 921 3251 enm
946 3169 1258 3271 commendarent,
1295 3195 1412 3251 ratum
1433 3179 1537 3251 etium

469 3298 559 3389 fote,
573 3296 603 3369 si
620 3297 710 3368 tenti
721 3289 870 3368 honoris
882 3287 1038 3387 cttlmen,
1057 3320 1218 3394 personae
1236 3289 1421 3368 nobilitate
1439 3295 1537 3367 edor-

468 3421 585 3490 netur.
609 3409 798 3510 Hugonem
826 3411 945 3510 itaque
970 3437 1061 3510 pene
1079 3409 1241 3485 omnium
1263 3406 1468 3485 conibentia
1493 3428 1537 3483 at·

470 3521 612 3621 tollunt,
625 3553 667 3601 nc
681 3525 810 3600 Remos
821 3520 1030 3620 deductum,
1050 3530 1088 3600 in
1100 3523 1265 3602 coenobio
1278 3529 1536 3603 monachorum

470 3641 582 3720 sancti
613 3637 760 3743 Remigii
788 3645 1103 3745 metropolitanum
1140 3645 1382 3746 sollempniter
1417 3671 1538 3748 couse-

468 3778 585 3853 ortnt,
602 3760 764 3859 usquein
787 3759 876 3832 urbe
893 3760 1060 3834 decenter
1081 3775 1281 3863 exceptum,
1302 3762 1416 3835 mtdtn
1439 3761 1536 3834 obse

470 3872 556 3978 quio
574 3901 616 3949 uc
637 3878 833 3949 reverentia
848 3867 1041 3950 honorent.
1063 3873 1136 3951 Rex
1152 3875 1190 3952 in
1211 3873 1370 3980 partibus
1383 3879 1536 3976 Burgum·

471 3997 538 4070 dte
556 3995 734 4066 viatorum
759 3988 890 4084 telum,
919 4006 1097 4093 patratum
1126 3998 1309 4095 negotium
1335 3995 1531 4086 advertens,

470 4137 556 4189 mox
572 4111 786 4184 leudunum
805 4111 920 4184 rediit.
943 4111 1138 4185 ernoldum
1162 4137 1307 4212 quoque
1324 4137 1365 4184 uc
1382 4111 1459 4208 ejus
1476 4111 1536 4181 lra-

504 4288 521 4322 ⁶
539 4288 576 4348 t,
590 4303 619 4349 c,
634 4302 663 4349 e,
676 4295 701 4334 et
716 4284 859 4350 escotum.
