3417 5392
438 540 479 598 32
817 539 983 600 RlCHERl
1006 539 1080 600 LIB.
1105 539 1131 598 l.

439 659 570 730 bantur
587 657 637 730 ibi
649 661 846 757 aequissime
869 659 1028 749 ordinat,
1052 660 1265 758 plurimum⁴
1290 660 1336 732 dc
1353 685 1512 734 commu·

439 774 545 847 nibus
561 778 723 848 omnium
745 777 860 849 causis
873 776 970 876 apud
986 777 1173 876 optimates
1182 790 1412 874 pertractans.
1430 779 1513 865 Qui·

439 880 609 964 buscum
627 893 717 967 foret
735 892 933 966 admodum
951 893 1124 981 intentus,
1149 890 1269 988 ibique
1295 917 1360 989 per
1376 891 1512 990 aliquot

441 1024 603 1108 tempora
617 1035 692 1082 sese
704 1026 929 1081 moraturum
945 1023 1180 1108 proponeret,
1197 1006 1305 1078 Fulco
1320 1011 1513 1080 Remorum

440 1125 739 1225 archiepiscopus,
750 1124 796 1197 de
808 1125 929 1198 Karoli
947 1125 1175 1224 promotione
1193 1124 1230 1194 in
1248 1147 1398 1220 regnum
1416 1126 1512 1224 apud

441 1241 563 1337 Belgas
576 1242 758 1314 tractabat.
776 1241 971 1314 Videbatur
984 1241 1114 1313 etenim
1132 1238 1512 1339 tunc‚quodp1esens

441 1360 664 1457 oportunitas
687 1357 771 1430 huic
792 1359 843 1431 rei
865 1357 1020 1453 aliquam
1042 1353 1333 1428 commoditatem
1357 1374 1508 1456 pararet.

441 1474 765 1574 ldque‘plurimum
783 1471 1020 1573 persuadebat
1043 1472 1287 1544 Neustriotum
1311 1469 1508 1544 absentia'.

441 1591 581 1661 Etenim
598 1616 683 1662 cum
706 1617 788 1689 rege
810 1590 847 1662 in
874 1589 1033 1689 partibus
1058 1587 1252 1685 Aquitaniae
1272 1603 1358 1659 tunc
1382 1588 1514 1662 detine·

440 1701 582 1776 bantur.
596 1706 800 1779 Suadebant
810 1730 955 1804 quoque
964 1705 1174 1805 multiplices
1183 1705 1416 1778 adolescentis
1424 1731 1514 1803 quae·

441 1821 613 1894 rimoniae.
644 1826 723 1894 Jam
746 1823 845 1895 enim
869 1819 1102 1919 quindennis,
1132 1820 1177 1893 de
1193 1822 1303 1920 ¹regni
1325 1823 1513 1896 amissione

441 1938 539 2036 apud
552 1939 685 2012 amcos
698 1956 734 2012 et
752 1938 966 2012 domesticos
989 1939 1193 2035 gravissime
1211 1939 1510 2037 conquerebatur,

443 2079 664 2151 regnumque
685 2071 876 2156 paternum
893 2071 1052 2155 repetere
1069 2056 1182 2129 multo
1201 2071 1333 2128 conatu
1350 2055 1515 2129 molieba-

443 2185 512 2240 tur.
529 2171 570 2241 Ei
583 2196 669 2268 ergo
682 2197 809 2244 omncs
822 2172 967 2269 Belgicae
979 2172 1171 2272 principes,
1186 2188 1222 2245 et
1235 2171 1370 2270 aliquot
1378 2173 1515 2246 Celticae

442 2311 670 2386 summopere
688 2288 865 2360 favebant.
893 2294 1030 2361 Horum
1051 2314 1196 2387 quoque
1213 2313 1425 2380 consensus,
1450 2290 1515 2362 sub

445 2404 608 2475 Remcnsi
626 2405 918 2504 metropolitane,
944 2405 1154 2477 sacramenti
1171 2405 1252 2501 jure
1276 2403 1459 2477 firmatur:
1475 2430 1515 2477 ac

444 2534 605 2618 tempore
622 2534 754 2592 statuto
773 2521 1008 2611 conveniunt,
1031 2547 1074 2593 ex
1099 2522 1234 2619 Belgica
1251 2523 1397 2619 quidem
1416 2522 1515 2594 Colo-

444 2637 593 2726 niensis,
613 2638 836 2728 Trevericus,
862 2652 968 2735 atque
985 2638 1211 2734 Maguntinus
1232 2638 1511 2737 metropolitani,

444 2775 528 2823 cum
542 2753 614 2823 suis
627 2753 845 2825 diocesaneis
858 2754 1045 2853 episcopis,
1062 2768 1124 2824 aut
1134 2779 1259 2825 eorum
1273 2753 1515 2853 probabilibus

446 2869 578 2966 legatis.
595 2874 648 2940 Ex
665 2869 794 2942 Celtica
812 2893 898 2941 vero
922 2874 1114 2942 Remorum
1130 2869 1317 2970 praedictus
1340 2885 1515 2968 metropo

445 2985 588 3074 litanus,
604 3011 687 3057 cum
700 2986 836 3083 aliquot
848 2987 920 3057 suis
933 2985 1163 3075 diocesaneis,
1179 2984 1406 3057 Laudunensi
1422 2983 1516 3056 vide·

445 3101 543 3191 licet,
565 3101 791 3175 Catalaunico
812 3117 919 3199 atque
940 3103 1144 3174 Morinensi.
1172 3101 1297 3173 Anno³
1324 3117 1444 3174 autem
1467 3103 1514 3172 iu·

446 3219 660 3290 carnationis
697 3218 913 3292 dominicae³
942 3220 1024 3291 893.
1053 3224 1087 3292 5.
1114 3217 1218 3290 Kal.⁸
1247 3216 1431 3308 Februan,
1455 3217 1514 3288 die

447 3335 639 3426 dominica,
654 3335 790 3408 collecti
804 3337 921 3408 Remis
932 3335 969 3406 in
981 3333 1123 3406 basilica
1141 3335 1258 3404 Sancti
1272 3333 1431 3430 Remigii,
1452 3336 1514 3402 Ka·

445 3451 564 3523 rolum
581 3453 826 3550 quindennem
842 3477 962 3550 regem
979 3465 1116 3541 creant;
1131 3475 1172 3521 ac
1194 3450 1231 3523 in
1244 3449 1333 3521 urbe
1345 3471 1515 3549 purpura·

448 3584 537 3660 tum,
558 3595 659 3642 more
674 3572 785 3668 regie,
802 3570 917 3642 edicta
930 3568 1015 3643 darc
1024 3569 1256 3640 constituunt.
1273 3573 1317 3640 Et
1329 3554 1513 3639 ex'celtica

446 3681 608 3778 quidem,
632 3683 833 3782 paucissimi
859 3682 934 3778 ejus
957 3695 1074 3780 partes
1097 3678 1346 3777 sequebantur.
1372 3681 1424 3747 Ex
1443 3676 1514 3748 Bel·

445 3798 522 3895 gica
538 3823 638 3888 vero,
659 3801 691 3870 ei
713 3823 838 3872 omnes
857 3797 988 3870 addicti
1012 3812 1106 3869 sunt.
1132 3795 1185 3869 Ab
1207 3795 1273 3866 illis
1295 3795 1392 3869 enim
1409 3793 1513 3866 devo-

481 3979 490 4010 ¹
510 3979 551 4032 Pl.
564 3977 598 4032 de
608 3980 730 4051 privatis,
749 3979 913 4048 multumque
930 3976 963 4030 de
983 3995 1080 4030 comm.
1104 3979 1142 4040 l.,
1163 3975 1228 4028 tinea
1246 3974 1365 4029 subducta
1380 3973 1414 4028 de
1432 3993 1461 4046 p.
1473 3991 1508 4026 nt.

444 4062 626 4187 dd’eelilisucnnlia
636 4135 682 4204 qui
693 4134 817 4204 Sequana
828 4135 965 4206 ligerique
977 4133 1062 4188 fluviis
1073 4132 1226 4204 interjacent
1237 4131 1326 4185 deleta.

479 4219 491 4250 ³
510 4222 565 4285 An,
578 4218 681 4272 domini
691 4217 794 4272 abscisa.

479 4302 491 4332 ⁴
508 4306 536 4357 5.
549 4306 611 4359 Kal.
618 4306 673 4373 jum
684 4303 786 4356 abscisa.
