3417 5392
466 527 527 587 216
830 526 996 587 RIcHEttt
1019 526 1096 587 LlB.
1121 527 1165 588 ll.

465 646 696 745 tinguebant,
727 648 893 725 loetaliter.
917 648 1040 721 inficit.
1074 653 1157 736 Quo
1189 647 1365 723 Deroldus
1394 650 1542 721 incaute

466 779 627 862 sumpt0,
649 789 732 836 mox
751 778 914 863 serpente
930 790 1090 854 veneno,
1112 762 1264 836 deficere
1281 764 1400 863 coepit.
1421 763 1542 835 Educ·

465 896 592 980 tusque
605 884 728 974 asnis,
746 884 875 955 teriaca
885 885 958 953 vim
968 882 1097 954 veneni
1110 881 1258 981 repellit.
1280 886 1324 954 Et
1342 881 1464 954 triduo
1481 908 1543 954 ex·

465 999 562 1097 pleto
581 1025 703 1071 coram
717 1001 882 1090 rediens,
903 1000 1124 1071 salernitano
1142 1000 1408 1071 consuescebat.
1428 984 1543 1071 luter-

467 1130 611 1212 rogatus
632 1140 718 1187 vero
741 1116 829 1213 quid
847 1116 880 1187 ei
898 1114 1103 1205 accidisset,
1125 1115 1300 1185 fleumatis
1325 1114 1480 1212 frigdore
1502 1141 1542 1187 se

465 1222 588 1303 leviter
605 1248 738 1303 tactum
756 1232 959 1331 respondit,
979 1233 1171 1329 quicquam
1188 1231 1373 1303 inaudisse
1390 1256 1544 1331 perpen-

467 1351 560 1423 disse
584 1351 821 1424 dissimulans.
852 1352 956 1425 Unde
980 1367 1016 1424 et
1041 1352 1182 1423 hostem
1212 1352 1395 1424 incautum
1418 1352 1539 1424 eflicit

467 1468 632 1541 Convivae
654 1472 772 1567 itaque
795 1468 944 1560 redditi,
965 1469 1143 1543 Deroldus
1166 1470 1324 1541 toxicum
1342 1470 1435 1541 inter
1452 1470 1544 1541 auri·

467 1586 624 1658 cularem
639 1612 679 1659 ac
697 1587 886 1660 salutarem
906 1587 1142 1677 occultatum,
1167 1587 1243 1682 ejus
1264 1585 1346 1657 cibo
1364 1586 1542 1657 sumendo
1569 1602 1572 1607 “

467 1705 643 1803 respersit.
659 1704 768 1792 Quod
781 1730 866 1777 mox
878 1705 978 1777 venis
997 1729 1161 1803 serpens,
1181 1704 1263 1775 vitae
1274 1703 1432 1775 calorem
1446 1702 1543 1800 luga·

466 1820 539 1892 bat.
563 1826 821 1920 Vexatusquea
838 1824 910 1895 suis
926 1821 1152 1895 eductusest.
1170 1822 1242 1909 Qui
1259 1846 1402 1892 veneno
1425 1820 1543 1918 expel-

468 1937 577 2011 lendo
608 1965 755 2038 operam
786 1940 895 2030 dans,
934 1940 1023 2013 nihil
1048 1965 1141 2011 eune
1173 1938 1311 2035 agebat.
1345 1938 1543 2010 Deroldum

469 2054 587 2151 itaque
617 2054 869 2151 magnificam,
902 2079 1154 2152 summumque
1184 2078 1267 2125 eum
1298 2055 1335 2124 in
1367 2053 1544 2125 medicina

470 2170 687 2268 praedicans,
717 2170 794 2267 ejus
817 2196 941 2242 curam
963 2170 1271 2243 vehementissime
1291 2168 1447 2269 petebat.
1474 2170 1545 2256 Qui

470 2288 561 2383 regis
568 2288 669 2383 jussu
682 2286 804 2377 flexus,
817 2285 986 2359 antidotis
991 2286 1085 2369 datis
1098 2310 1121 2357 a
1131 2286 1248 2357 toxico
1260 2310 1325 2384 per
1333 2277 1544 2357 industriam

470 2428 545 2476 non
560 2429 603 2475 ex
617 2419 694 2476 toto
709 2407 883 2504 purgavit.
905 2410 996 2477 Nam
1014 2419 1156 2504 sumpta
1176 2405 1325 2495 teriaca,
1345 2408 1398 2475 vis
1415 2406 1546 2475 veneni

471 2520 510 2591 in
526 2519 657 2617 pedem
681 2520 861 2592 sinistrum
878 2522 1020 2619 penitus
1043 2518 1269 2635 dilapsaxest3
1294 2521 1331 2591 in
1349 2535 1489 2591 tantum
1506 2535 1546 2592 ut

472 2636 568 2735 apud
594 2635 809 2709 domesticos
823 2662 867 2708 eo
886 2636 1101 2708 familiariter
1124 2651 1267 2734 agente,
1291 2662 1486 2727 venenum,
1506 2652 1546 2709 ut

473 2754 594 2846 fertur,
611 2756 648 2826 in
661 2755 811 2827 modum
825 2756 947 2828 ciceris
964 2781 985 2827 a
998 2754 1090 2854 pede
1108 2772 1172 2853 per
1184 2779 1315 2826 venam
1326 2780 1486 2853 surgens,
1500 2755 1546 2826 ab

473 2872 635 2979 antidoto
655 2872 821 2944 obviante
839 2874 876 2943 in
894 2872 1025 2972 pedem
1044 2872 1284 2970 repelleretur.
1308 2872 1446 2974 Quibus
1469 2872 1546 2944 diu·

474 2990 604 3060 tissime
618 2990 668 3060 sic
685 2987 981 3087 repugnantibus,
1002 3015 1067 3088 pes
1086 2990 1124 3060 iu
1143 2989 1233 3060 cutis
1249 2987 1435 3088 superficie
1454 2988 1546 3061 lora·

474 3120 543 3175 tur.
575 3109 752 3206 Factoque
780 3104 934 3195 morbo,
966 3121 1049 3206 post
1079 3130 1100 3176 a
1124 3106 1273 3202 cirurgis
1303 3104 1547 3179 miserabiliter

474 3221 677 3297 absciditur.
907 3216 910 3224 ’

978 3550 1121 3611 LK.

524 3691 662 3777 lrlterea¹
677 3698 750 3769 dux
764 3700 962 3769 Neustriam
980 3696 1204 3769 combustam
1222 3695 1470 3794 direptamque
1488 3695 1547 3765 do-

475 3814 569 3907 lens,
586 3816 777 3887 exercitum
790 3831 909 3913 parat,
927 3830 963 3886 et
980 3816 1017 3884 in
1039 3812 1243 3903 Amulium,
1264 3838 1347 3884 cum
1369 3813 1407 3883 in
1427 3837 1545 3909 regem

469 3952 550 4004 ‘non
581 3933 745 4021 auderet,
784 3933 1004 4005 truculentus
1033 3929 1189 4003 effertur.
1222 3924 1372 4031 Oppida'
1402 3955 1546 4027 quoqne

475 4050 568 4121 illius
596 4049 731 4148 aliquot
752 4052 952 4150 impugnat.
978 4056 1021 4121 At
1043 4074 1127 4132 cum
1143 4074 1209 4148 per
1230 4048 1305 4120 dies
1331 4072 1391 4119 sex
1407 4047 1545 4118 nullum

476 4163 780 4266 comprehendere
791 4183 923 4266 posset,
935 4182 1021 4239 voto
1036 4167 1219 4238 frustratus
1230 4190 1294 4238 sua
1307 4166 1446 4265 repetit.
1463 4169 1546 4252 Quae

476 4284 563 4355 dn'm
582 4309 603 4355 a
624 4284 715 4357 duce
729 4301 952 4383 gererentur,
974 4311 1035 4357 rex
1049 4284 1236 4357 obsidione
1249 4288 1452 4356 lllosomum
1469 4307 1545 4382 pre
