3417 5392
452 451 510 505 102
822 444 987 504 ltlcttEttt
1011 443 1082 504 ΗΒ.
1105 445 1130 503 Ι.

451 588 517 659 pro
534 588 577 633 eo
594 567 741 635 Romam
755 562 886 659 legatos
899 563 1032 660 dirigit,
1050 586 1090 632 ac
1101 562 1250 636 iohanni
1269 588 1369 662 papae
1382 567 1509 663 episto-

453 676 523 748 lam
539 679 664 768 mittit,
680 703 863 777 perquam
877 676 1111 773 significabat,
1128 694 1252 748 contra
1264 680 1432 751 Karolum
1448 705 1511 751 nee

452 819 528 865 sese
558 795 778 889 conjurasse,
806 817 873 864 nec
903 793 1154 889 conjurationis
1180 796 1363 866 conscium
1387 795 1508 884 luisse,

452 910 644 1006 conjuratis
668 925 806 982 tantum
830 909 979 980 invitum
1004 910 1157 980 cessisse.
1188 909 1290 980 Unde
1314 927 1407 982 etse
1425 909 1512 981 velle

452 1023 645 1122 plurimum
666 1041 705 1096 ut
729 1023 878 1095 Karolus
899 1049 1007 1122 regno
1031 1025 1243 1114 restituatur,
1264 1027 1325 1124 qui
1344 1027 1512 1096 innocens

454 1143 530 1212 sine
543 1166 647 1213 causa
661 1141 815 1236 abjectus
828 1142 883 1211 sit.
901 1145 971 1211 Nec
984 1139 1097 1212 solum
1113 1165 1150 1210 se
1163 1141 1199 1212 in
1210 1140 1278 1212 hac
1291 1123 1366 1214 esse
1379 1157 1514 1212 senten·

456 1260 521 1348 tia,
537 1274 572 1329 at
590 1257 808 1358 optimorum
821 1282 981 1356 quosque
994 1258 1002 1290 ‘
1021 1273 1147 1358 prater
1159 1258 1226 1329 hos
1238 1260 1300 1354 qui
1311 1259 1416 1330 donis
1430 1259 1513 1332 mul·

457 1373 633 1472 tiplicibus
646 1374 804 1472 corrupti
814 1373 905 1443 sint²
918 1399 929 1464 ;
943 1389 1159 1471 quapropter
1171 1389 1207 1444 et
1223 1375 1297 1472 ipse
1310 1373 1514 1446 auctoritate
1568 1445 1570 1448 .

457 1491 648 1588 apostolica
665 1514 774 1586 regno
794 1490 928 1560 restitui
950 1514 1067 1585 regern
1085 1489 1260 1585 abjectum
1276 1489 1415 1584 jubeat3
1440 1493 1513 1586 qui-

457 1630 610 1702 cumque
632 1605 707 1700 ejus
728 1619 903 1703 praecepto
921 1604 1084 1700 refragari
1106 1605 1203 1674 nisus
1225 1605 1345 1696 fuerit,
1373 1605 1514 1678 anathe-

458 1736 552 1792 mate
570 1737 748 1820 perpetuae
768 1720 1023 1791 maledictionis
1042 1718 1298 1818 condempnet;
1319 1745 1359 1792 ac
1372 1747 1440 1819 pro
1453 1722 1515 1794 hac

460 1862 498 1908 re
512 1839 685 1936 episcopis
709 1853 813 1933 atque
832 1836 1049 1935 principibus
1062 1836 1254 1907 Galliarum
1271 1854 1306 1909 et
1324 1841 1517 1910 Germania

462 1954 646 2052 epistolam
671 1954 814 2050 dirigat,
842 1955 1082 2025 continentem
1101 1969 1136 2023 et
1158 1952 1334 2025 honorum
1356 1955 1518 2026 benedic·

463 2069 597 2141 tionem
620 2083 655 2139 et
675 2066 974 2139 contradictorum
991 2067 1285 2141 maledictionem.
1302 2071 1420 2165 Legati
1438 2094 1518 2165 ergo

466 2188 613 2255 Romam
642 2200 835 2282 properant
867 2185 1073 2280 negotium³
1112 2188 1307 2282 peracturi,
1338 2186 1401 2258 sed
1436 2211 1518 2258 con·

466 2313 609 2396 sumpto
632 2299 764 2370 itineris
788 2298 927 2389 labore,
951 2299 1038 2370 nihil
1056 2300 1304 2371 mandatorum
1325 2316 1516 2400 peragunt:

466 2439 622 2513 namque
643 2439 663 2485 a
683 2415 846 2513 praefecto
870 2431 993 2514 captus
1013 2439 1123 2513 papa,
1145 2441 1188 2486 eo
1206 2417 1305 2513 quod
1327 2442 1401 2488 ase
1420 2417 1521 2516 pluri·

467 2554 567 2600 mum
585 2530 786 2619 dissideret,
802 2529 848 2600 ab
868 2555 911 2601 eo
931 2531 1095 2602 carcerali
1112 2531 1271 2602 custodia
1288 2531 1517 2603 detinebatur.

470 2645 573 2717 Unde
591 2662 626 2717 et
643 2649 717 2718 sine
739 2648 922 2744 legationis
939 2647 1063 2718 ellectu
1082 2647 1246 2743 digressi,
1271 2650 1307 2718 in
1326 2629 1521 2720 Gallias're·

471 2777 644 2833 mearunt.
661 2762 864 2834 Heribertus
876 2788 960 2834 vero
973 2763 1019 2833 ad
1041 2762 1106 2833 alia
1123 2789 1198 2835 sese
1211 2763 1412 2856 conferens,
1431 2763 1522 2862 apud

471 2881 680 2975 Hugonem⁴
703 2879 861 2950 Rotberti
884 2879 995 2950 filium
1014 2878 1058 2950 de
1080 2879 1150 2950 fide
1169 2882 1260 2950 inter
1276 2905 1351 2952 sese
1363 2878 1523 2952 habenda

471 2995 562 3065 adeo
579 2995 765 3091 satagebat.
782 3001 897 3083 Quem
911 3010 944 3067 et
956 2989 1175 3066 suasionibus
1188 2994 1372 3066 efficaciter
1384 2995 1521 3082 allicuit,

473 3135 515 3180 ac
529 3110 599 3182 lide
612 3113 705 3209 pacti
719 3110 784 3181 sibi
798 3113 975 3191 annexuit.
989 3112 1146 3208 Hugonis
1158 3112 1274 3208 itaque
1288 3110 1443 3182 ellicacia
1453 3135 1524 3208 per·

473 3249 611 3316 suasus,
641 3226 687 3300 ad
714 3226 903 3298 flodulfum
929 3227 1038 3316 redit,
1071 3229 1172 3324 eique
1198 3227 1439 3298 reconciliatus
1468 3225 1524 3296 ali·

473 3342 632 3439 quandiu
651 3342 752 3413 hesit.
774 3344 881 3438 Cujus
899 3344 935 3413 in
957 3343 1066 3415 multa
1088 3344 1196 3439 gratia
1213 3358 1411 3441 susceptus,
1436 3357 1474 3412 ut
1490 3367 1524 3412 se

475 3463 650 3535 fidelitatis
668 3480 910 3536 exsecutorem
933 3479 1159 3564 monstraret,
1182 3464 1350 3535 Karolum
1368 3489 1449 3534 mox
1471 3467 1525 3532 Pe

475 3602 571 3648 ronae
585 3579 622 3648 in
635 3602 811 3649 carcerem
825 3579 976 3650 retrusit.

512 3748 519 3776 ¹
540 3749 680 3800 nonnullos
693 3751 718 3798 l.
