3417 5392
453 517 494 576 52
831 513 1000 578 arcuum
1023 516 1098 577 ΗΒ.
1123 516 1150 577 1.

453 635 574 706 multis
586 635 841 708 sententiamm
853 637 1078 710 sermonibus
1091 637 1279 712 asserebat.
1297 639 1406 726 Quod
1419 643 1519 712 onrn'

453 751 644 825 Rotbertus
659 752 734 825 dux
756 751 793 825 in
811 751 888 848 ejus
905 754 1026 825 animo
1048 751 1159 826 fixum
1181 755 1397 853 perciperet,
1424 758 1528 830 Heirr-

451 870 526 942 rioo
549 867 849 941 Transrhenensi²
879 895 944 968 per
970 868 1128 970 legatos²
1150 870 1196 944 de
1220 871 1312 968 regis
1330 871 1523 968 ejectione²

452 985 612 1059 suadet².
628 984 878 1084 Compererat²
895 984 1012 1056 enim²
1028 1009 1113 1058 eum
1126 985 1262 1084 aregiis
1275 986 1523 1086 stipatoribus²

453 1105 489 1176 in
508 1103 650 1202 fugam¹
670 1117 855 1192 eoactum,
877 1100 998 1175 unde'
1018 1101 1118 1174 etde
1143 1126 1182 1174 se
1199 1099 1333 1174 fidem²
1354 1103 1526 1175 continuo

452 1219 572 1291 facist
603 1219 712 1316 Cujus
733 1242 909 1293 consensu
929 1219 1090 1292 tirannus
1115 1243 1200 1291 mox
1226 1217 1364 1308 laetus⁸,
1390 1221 1427 1290 in
1452 1245 1527 1293 sese

453 1335 629 1436 regnum⁸
657 1323 869 1408 transferre⁴
893 1333 1180 1433 diligentissime*
1201 1331 1411 1407 laborabat*
1433 1363 1442 1406 :
1465 1335 1529 1408 100

446 1456 546 1551 ¹gitur
562 1453 682 1556 itaque
701 1451 869 1552 plurima,
888 1452 1019 1550 atque'
1039 1451 1227 1552 pollicetur
1248 1451 1422 1525 infinita⁸.
1442 1455 1529 1527 Tan-

408 1580 412 1589 ’
453 1567 631 1667 demque⁸
651 1567 818 1676 inductos
835 1567 882 1640 de
900 1568 1094 1668 transfugio
1117 1569 1192 1666 jam
1210 1569 1389 1670 principes
1409 1585 1529 1669 aperte

454 1686 665 1784 alloquitur3
686 1707 806 1781 regern
822 1684 988 1784 inquiens
1006 1685 1205 1758 Suessionis
1225 1709 1302 1757 sese
1325 1684 1523 1784 privatum*

453 1802 605 1892 habere;
621 1800 743 1900 Belgas
760 1816 888 1899 praeter
905 1801 1137 1900 paucissimos
1159 1799 1207 1872 ad
1230 1825 1294 1874 sua
1315 1799 1543 1874 discessisse

454 1920 558 1991 Unde
577 1934 612 1991 et
632 1919 683 1992 rei
700 1917 995 1990 commoditatem
1013 1915 1137 1992 adesse
1155 1915 1415 2008 memorabat⁸‚
1439 1915 1531 1990 facil·

452 2035 537 2107 lime
563 2050 600 2108 et
622 2060 666 2106 ex
692 2059 796 2132 000300
824 2058 945 2131 regem
971 2057 1078 2133 posse
1103 2033 1183 2131 capi
1204 2056 1381 2122 asserens,
1413 2033 1443 2104 si
1464 2033 1530 2131 ipsi

453 2149 764 2251 ornnespalatium
777 2149 920 2240 adeant,
937 2150 1008 2222 acsi
1021 2149 1231 2240 oonsultun',
1242 2150 1280 2221 in
1294 2149 1372 2248 ipso
1385 2174 1531 2248 quoque

452 2268 574 2366 palatii
592 2265 758 2340 eubiculo
782 2266 875 2338 inter
892 2263 1153 2338 consulendum
1180 2289 1302 2363 regem
1326 2266 1470 2365 capiant
1485 2281 1531 2338 te·

454 2397 644 2482 neantque.
661 2384 723 2454 His
743 2381 863 2455 favent
880 2405 1006 2454 ornnes
1024 2404 1119 2480 pene
1135 2406 1179 2455 ex
1196 2381 1341 2473 Celtica,
1361 2397 1398 2456 et
1415 2382 1463 2455 de
1474 2407 1533 2483 ps-

454 2499 584 2575 trando
606 2499 780 2590 facinore,
806 2497 904 2598 apud
922 2498 1105 2570 tirannum
1128 2497 1331 2596 conjurant.
1359 2497 1532 2570 Palatium

454 2642 540 2715 ergo
558 2616 711 2707 adeunt,
732 2639 925 2714 regemque
945 2628 1069 2714 utpote
1085 2613 1284 2687 consrdturi
1306 2615 1449 2714 stipant.
1480 2619 1533 2687 ln

455 2735 661 2806 tremissum
678 2752 765 2805 vero
783 2729 970 2820 cubiculo,
995 2745 1035 2802 ut
1051 2731 1174 2828 pausis
1191 2731 1336 2804 allocuti
1357 2746 1459 2822 sunt,
1479 2757 1530 2804 oa

455 2852 559 2950 piunt
571 2874 613 2922 ao
625 2862 759 2922 tenent.

456 3023 547 3076 xxss.
560 3022 756 3075 -Herireus’
774 3020 1014 3092 metropolitanus'
1033 3021 1163 3073 Karolum
1182 3037 1198 3071 a
1216 3017 1417 3072 desertoribus*
1428 3033 1531 3091 captum

797 3109 914 3163 liberat*
928 3110 1075 3180 Remosque
1086 3108 1192 3163 ducit*.

507 3257 656 3347 Jamque
680 3248 859 3320 abducere
883 3247 1104 3337 nitebantur,
1134 3270 1217 3320 oum
1240 3245 1533 3346 metropolitanus

458 3367 629 3447 Heriveus
656 3389 739 3436 curn
762 3365 876 3463 oopiis
900 3365 1107 3464 repentinus
1132 3363 1259 3435 urbem
1286 3364 1531 3436 suessonicam

493 3537 509 3570 *
527 3553 572 3600 us,
584 3534 695 3599 liunus,
707 3546 769 3599 rto,
781 3533 929 3598 mliberst,
942 3532 1075 3586 uuitabs'
1039 3551 1113 3585 00.000

497 3608 551 3658 ’.0
563 3604 770 3678 principesine.
765 3623 809 3656 .a.
822 3603 1108 3675 [perciperentbo
1071 3609 1131 3656 Post
1163 3615 1254 3656 0000οι·
1240 3604 1531 3684 rlinebtotaeqrtr'om's

460 3675 687 3813 mm?
692 3673 1449 3830 &obdidimfflmffffif'
1459 3673 1533 3743 '¹⁰⁸⁵'

495 3818 695 3888 ‘rans,legat,
706 3814 1530 3950 esseommuxsfirgmnnrdemmrahm

496 3891 605 3941 ⁸...mo
610 3902 714 3941 ,00000
681 3837 777 3940 adme
835 3901 876 3940 tus
901 3886 936 3939 od
1015 3907 1112 3940 000
1174 3901 1231 3940 sunt

498 3963 584 4030 *,003
596 3977 667 4024 0000,
678 3959 778 4024 ianime,
792 3959 853 4010 nbat
859 3959 981 4028 ,itaque,
993 3971 1098 4030 atquea
1081 3959 1185 4010 abscisa.

496 4034 568 4082 ‘alt
577 4035 619 4081 Tn
614 4030 703 4081 ’.-010
710 4028 886 4081 mutuabor
850 4030 1127 4103 cuitinettaplanos
1115 4042 1189 4092 unst,·
1201 4031 1279 4097 igitur
1265 4025 1530 4100 rmajorabaudrsci·

458 4101 758 4295 μωῖωιηὲιῖἓύιεὶιιιιιι.

498 4247 605 4387 'dmum
605 4261 733 4366 muwdsc‘
725 4315 794 4365 imm.
864 4347 866 4353 ·
