3417 5392
479 549 537 606 tot
842 541 1006 602 RlCHElll
1031 543 1105 602 LlB.
1130 543 1172 602 ll.

477 667 568 739 sedis
585 666 717 738 litteras
728 665 889 754 afferens,
903 665 1100 759 jussionem
1113 663 1343 762 apostolicam
1360 666 1544 736 continen-

477 798 541 873 tes,
563 797 602 854 ut
626 783 804 881 principes
821 781 1102 880 provinciarum¹
1135 803 1253 876 regem
1271 805 1375 852 suurn
1395 779 1546 854 Ludovi·

475 925 559 970 oum
579 899 734 996 recipere
758 922 833 971 non
852 897 1046 986 differrent,
1075 921 1141 968 nec
1163 895 1280 993 gladio
1309 896 1399 967 ultra
1424 895 1545 966 hostili

475 1041 557 1087 enm
585 1015 858 1103 insectarentur;
892 1029 927 1085 et
957 1014 996 1083 ni
1030 1027 1179 1100 cessent,
1212 1012 1446 1083 anathematis
1473 1010 1544 1082 telo
1659 1095 1662 1102 ,

475 1156 600 1203 omnes
617 1155 693 1202 esse
711 1129 884 1226 ligendos.
906 1131 987 1215 Quo
1008 1128 1166 1226 episcopi
1184 1129 1326 1224 cognito
1352 1130 1545 1198 Remorum

474 1249 670 1338 dioceseos,
697 1249 733 1317 in
746 1269 861 1318 unum
878 1270 963 1316 mox
976 1246 1102 1334 coacti,
1119 1244 1165 1315 de
1178 1243 1401 1316 anathemate
1413 1245 1451 1314 in
1470 1269 1545 1315 sese

473 1364 641 1436 habendo
679 1364 746 1436 nisi
783 1363 990 1461 resipiscant
1024 1361 1252 1433 vehementer
1269 1360 1282 1396 ²
1316 1375 1541 1458 pertractant.

475 1480 685 1552 Mittendum
704 1479 800 1550 enim
829 1477 875 1547 ad
902 1476 1128 1548 Heribertum
1151 1476 1359 1574 disponunt,
1380 1491 1415 1548 et
1434 1476 1480 1546 ab
1501 1502 1544 1548 eo

473 1596 676 1695 suppliciter
697 1592 905 1692 petendum,
928 1595 1095 1690 quatinus
1113 1593 1188 1690 ipse
1206 1592 1336 1663 ducem
1356 1592 1477 1680 adeat,
1498 1609 1545 1664 at·

473 1731 544 1809 que
559 1710 655 1810 apud
674 1736 757 1783 eum
781 1735 848 1808 pro
868 1710 958 1806 regis
981 1709 1184 1807 receptione
1202 1724 1293 1804 agat,
1318 1709 1544 1781 ostendentes

473 1825 705 1899 anathematis
722 1825 932 1925 periculum,
955 1839 991 1896 et
1006 1840 1139 1922 quanta
1152 1825 1193 1895 iis
1208 1824 1380 1896 debeatur
1397 1826 1502 1896 ruina
1514 1826 1541 1913 ⁸,

473 1945 535 2040 qui
548 1943 780 2015 dominorum
793 1956 1057 2039 contemptores
1071 1967 1112 2012 ac
1124 1957 1368 2040 persecutores
1383 1967 1542 2014 essenon

474 2058 678 2130 formidant.
711 2062 798 2146 Quae
824 2056 941 2128 suasio
966 2057 1105 2128 nullum
1134 2057 1298 2128 effectum
1327 2057 1452 2129 habuit
1464 2059 1492 2128 ⁴.
1519 2065 1544 2130 A

473 2176 642 2275 praedicto
665 2175 771 2246 etiam
796 2198 889 2271 papa
909 2197 994 2242 mox
1011 2171 1078 2242 alia
1097 2171 1223 2270 legatio
1244 2173 1376 2244 directa
1394 2189 1459 2264 est,
1482 2199 1545 2272 per

475 2290 656 2364 [lemensis
667 2287 829 2360 aecclesiae
845 2287 992 2384 legatos,
1008 2288 1070 2384 qui
1090 2313 1111 2358 a
1129 2313 1223 2390 papa
1240 2288 1368 2361 eodem
1386 2290 1546 2362 sacerdo-

475 2409 544 2482 tale
566 2406 713 2506 pallium
731 2404 874 2501 Hugoni
901 2402 1176 2500 metropolitano
1195 2404 1365 2496 detulere,
1388 2406 1546 2478 dicentes

475 2523 676 2622 apostolicae
685 2521 853 2618 jussionis
870 2519 964 2590 hanc
976 2544 1052 2591 esse
1063 2521 1285 2611 sententiam,
1301 2537 1340 2592 ut
1352 2523 1544 2594 Galliarum

476 2640 669 2738 principes,
698 2661 816 2734 regem
843 2660 948 2706 suum
971 2637 1136 2735 persequi
1160 2653 1319 2734 parcant,
1348 2654 1383 2710 et
1402 2640 1546 2738 insuper

477 2756 578 2826 illum
594 2751 779 2850 magnifice
796 2751 969 2822 attollant.
988 2751 1095 2839 Quod
1113 2752 1181 2822 nisi
1198 2753 1290 2825 intra
1303 2757 1545 2854 praescriptum

478 2871 575 2943 diem
586 2867 752 2959 efficiant,
764 2867 926 2938 horribili
939 2866 1162 2938 anathemate
1179 2867 1285 2965 hujus
1295 2869 1456 2941 factionis
1469 2896 1546 2942 auc·

480 3004 574 3059 tores
609 3010 650 3056 ac
674 2998 923 3082 cooperatores
955 2983 1026 3053 sive
1057 2983 1209 3054 fautores
1240 2985 1443 3080 gravissime
1473 3011 1546 3057 esse

481 3100 696 3172 multandos.
718 3099 754 3168 Si
771 3123 857 3170 vero
876 3096 1077 3196 apostolicae
1091 3099 1240 3193 jussioni
1258 3116 1435 3197 gratanter
1454 3101 1546 3174 obm

480 3218 598 3306 diant,
622 3214 756 3313 legatos
780 3217 930 3285 Romam
950 3214 1114 3310 dirigant,
1139 3217 1200 3312 qui
1222 3243 1324 3289 suam
1342 3218 1547 3290 benivolen-

481 3333 567 3403 tiam
589 3356 671 3428 erga
689 3354 807 3426 regem
829 3354 935 3399 suum
955 3355 1060 3432 papae
1075 3332 1237 3404 referant.
1259 3339 1303 3404 Et
1323 3359 1391 3406 nec
1409 3337 1459 3406 sic
1474 3337 1548 3432 qui-

482 3449 565 3519 dem
578 3447 726 3518 tirannis
739 3445 930 3542 quicquam
952 3470 1160 3543 persuasum
1184 3465 1247 3520 est.
1270 3455 1298 3520 Α
1317 3447 1448 3546 quibus
1467 3477 1546 3522 cunr

482 3565 555 3661 regi
579 3566 793 3634 incessanter
818 3577 1032 3659 quaereretur·
1054 3564 1168 3652 ruina,
1197 3566 1235 3634 in
1255 3568 1473 3638 contrarium
1493 3595 1547 3638 res

456 3730 466 3736 -
483 3706 606 3751 eorum
621 3694 693 3750 tota
705 3677 840 3776 relapsa
859 3692 921 3747 est.

519 3877 527 3906 ¹
548 3892 690 3945 regnorum
705 3877 731 3924 l.

516 3962 529 3990 ²
547 3958 644 4009 utiliter
656 3960 681 4007 l.

517 4043 528 4071 ²
547 4059 574 4110 q.
587 4040 646 4092 labe
664 4038 810 4091 alliciantur
820 4041 844 4089 l.

517 4127 528 4155 ⁴
547 4145 568 4176 s.
583 4141 642 4175 cum
656 4141 684 4174 n.
699 4122 830 4173 ehaberet
844 4125 868 4172 l,
