3417 5392
492 524 549 580 160
856 513 1020 574 tttanttt
1044 514 1117 575 LlB.
1143 513 1183 572 ll.

489 657 580 712 trem
604 637 815 708 Landricurn
839 635 1051 734 proditionis
1078 631 1311 720 insimulatos,
1340 655 1407 702 nec
1437 646 1552 702 tamen

489 757 628 854 penitus
649 755 846 843 convictos,
873 777 954 823 cum
976 754 1012 822 in
1035 751 1102 822 hac
1129 775 1167 821 re
1188 747 1442 846 promptissimi
1464 746 1555 816 vide·

489 887 622 960 rentur,
644 870 689 941 ab
700 869 788 940 urbe
803 867 945 966 expulit.

378 1382 381 1390 '
486 1381 588 1432 xxvt.
602 1407 638 1419 -—
651 1377 707 1430 Rex
719 1377 747 1428 in
758 1376 875 1448 partibus
887 1373 1044 1446 Burgtmdiae
1055 1375 1197 1427 exercitum
1216 1386 1307 1426 contra
1319 1373 1435 1426 tirannos
1446 1373 1552 1444 colligit.

536 1521 607 1588 Rex
628 1541 711 1587 cum
728 1517 778 1587 rei
806 1514 966 1586 militaris
988 1515 1109 1613 inopia
1127 1528 1252 1584 contra
1278 1514 1439 1584 tirannos
1467 1512 1554 1584 nibil

486 1632 602 1704 moliri
614 1631 757 1719 valeret,
780 1630 1018 1728 Burgundioni
1038 1631 1188 1729 repetiit,
1211 1645 1250 1701 ut
1268 1631 1459 1701 exercitum
1472 1629 1554 1701 inde

485 1762 661 1837 sumeret,
692 1748 879 1844 Remisque
905 1746 1099 1818 induceret.
1135 1745 1337 1818 Admodum
1361 1744 1493 1817 etenim
1518 1744 1553 1816 id

486 1864 728 1963 attemptabat,
750 1880 791 1934 ut
809 1863 1032 1936 Heriberturn
1055 1864 1101 1934 ab
1120 1863 1207 1934 urbe
1230 1887 1377 1961 pervasa
1394 1860 1550 1960 pelleret.

486 1985 582 2065 Dum
603 2004 688 2078 ergo
706 1981 742 2053 in
765 1979 971 2076 colligendis
995 1979 1164 2050 militibus
1182 2003 1321 2051 moram
1345 1978 1488 2068 faceret,
1519 1980 1554 2048 ti·

486 2097 608 2166 ranni¹
634 2093 746 2166 multo
770 2097 928 2193 equitatu
942 2096 1155 2167 Laudunum
1168 2109 1353 2195 appetunt,
1373 2110 1481 2193 atque
1494 2096 1555 2166 eir-

485 2210 667 2300 cumdant,
698 2236 798 2308 spem
821 2211 1033 2309 proditionis
1059 2213 1095 2281 in
1126 2209 1341 2308 quibusdam
1368 2209 1550 2282 babentes.

486 2333 566 2398 llaec
584 2328 672 2397 dum
686 2341 850 2422 aguntur,
866 2325 913 2396 ad
936 2326 1025 2420 regis
1038 2349 1141 2396 aures
1154 2327 1361 2424 tempestive
1379 2326 1551 2416 feruntur,

484 2446 544 2539 qui
563 2443 712 2541 sumptis
722 2467 813 2538 quos
830 2440 1082 2538 undecumque
1095 2441 1258 2538 colligere
1271 2441 1284 2477 ²
1296 2442 1422 2531 valuit,
1443 2443 1480 2512 in
1498 2468 1554 2540 pa·

472 2584 569 2664 ¹gum
588 2563 800 2629 Porcenseru
822 2557 975 2629 devenit.
1008 2556 1077 2627 Ubi
1097 2582 1180 2629 cunr
1199 2583 1275 2629 rem
1293 2557 1481 2630 militarem
1503 2584 1554 2629 or

483 2673 642 2764 dinaret,
670 2700 711 2746 ac
743 2673 906 2745 hostibus
932 2673 1066 2745 bellum
1092 2673 1221 2745 inferre
1246 2690 1397 2773 pararet,
1425 2676 1553 2747 tiranni

484 2791 669 2861 Lauduni⁸
691 2790 878 2861 obsidione
902 2789 1035 2879 relicta,
1065 2791 1102 2859 iu
1128 2814 1247 2886 regem
1269 2792 1417 2880 vadunt,
1438 2816 1480 2862 ac
1507 2792 1554 2862 in·

485 2922 666 3004 speratum
691 2907 897 2978 invadentes
925 2906 999 3001 ejus
1022 2907 1226 2997 exercitum,
1253 2907 1553 2980 nonnullosster·

486 3038 590 3112 nunt,
610 3023 766 3120 reliquos
783 3024 920 3094 veroin
940 3019 1058 3119 fugam
1076 3038 1219 3120 cogunt.
1243 3027 1314 3095 Rex
1328 3047 1349 3094 a
1366 3025 1438 3094 suis
1452 3023 1553 3094 edun

486 3151 556 3226 tus,
584 3140 644 3210 vix
668 3162 750 3210 cum
779 3137 921 3209 duobus
949 3137 1155 3228 comitibus,
1182 3138 1253 3208 vim
1275 3123 1401 3210 'mortis
1423 3139 1549 3226 evasit,

484 3253 620 3352 oppido
634 3253 733 3353 quod
748 3253 968 3325 Altus-mons
982 3253 1111 3324 dicitur
1124 3277 1199 3325 sese
1211 3253 1394 3352 recipiens.
1412 3253 1553 3324 Tiranni

482 3399 546 3472 spe
563 3371 777 3472 proditionis
795 3369 963 3456 frustrati,
985 3368 1209 3440 obsidionem
1225 3368 1378 3457 solvunt,
1393 3381 1500 3466 atque
1517 3371 1551 3440 in

484 3517 548 3563 sua
560 3487 774 3562 concedunt.

520 3655 636 3713 xxvtt.
645 3656 799 3710 -Ttranni
811 3675 825 3708 a
839 3672 909 3727 papa
920 3669 1069 3720 monentur,
1083 3675 1117 3708 ne
1128 3672 1215 3726 regem
1232 3675 1308 3708 suum
1321 3667 1518 3726 persequentur.

532 3803 668 3871 Interea
681 3823 701 3870 a
714 3798 851 3869 domno
869 3794 1050 3894 Stephano
1070 3821 1163 3894 papa
1185 3797 1239 3866 vir
1258 3795 1385 3886 clarus,
1407 3797 1550 3866 nomine

483 3923 674 4003 Damasus,
694 3914 828 4011 legatus
853 3914 891 3983 iu
916 3912 1053 4010 'Gallias
1071 3911 1224 3982 directus
1251 3926 1325 4003 est,
1353 3911 1549 4010 apostolicae

418 4083 422 4090 ¹
520 4110 527 4139 ¹
548 4093 668 4177 liuguae
679 4105 829 4156 Herlbertus
842 4109 867 4155 l.
975 4076 977 4087 Ι

517 4190 529 4220 ¹
547 4188 641 4257 collige
654 4185 740 4237 codex.

517 4275 529 4303 ⁸
547 4273 688 4323 Remorum
704 4271 729 4319 l.
