3417 5392
499 559 556 620 148
864 551 1027 612 RlCllERl
1051 551 1124 616 tta.
1148 551 1190 612 ll.

497 681 600 769 baut,
615 676 706 774 ultra
723 675 887 746 Rhenum
901 673 1018 769 fugere
1032 671 1214 769 compulit.
1234 675 1454 746 presenserat
1467 677 1557 747 enim

497 791 764 868 Ottouemvelle
775 792 812 862 in
825 814 930 860 suum
940 787 997 883 jus
1007 787 1181 884 Belgicam
1192 789 1453 880 transfundere;
1468 791 1558 863 unde

497 929 532 985 et
545 938 637 1010 equo
656 911 688 982 ei
702 934 774 980 nou
787 905 963 978 serebatur
974 906 1106 976 animo.
1128 904 1372 977 Truculentius
1384 932 1470 1004 ergo
1480 933 1559 979 con·

497 1046 549 1102 tra
567 1030 666 1101 illum
683 1027 832 1124 agitans,
847 1048 929 1094 suos
948 1020 993 1092 de
1006 1021 1138 1118 regno⁴
1163 1019 1371 1093 exturbavit.
1394 1025 1463 1111 Qui
1477 1048 1558 1094 vero
1673 1073 1674 1080 .

496 1145 563 1217 sibi
586 1135 881 1216 consentiebant²
912 1138 1107 1226 asciscens,
1137 1137 1373 1210 Gislebertum
1400 1138 1558 1212 videlicet

495 1261 716 1358 Belgicorum
728 1256 875 1343 ducem,
894 1252 1152 1324 Theodericum
1175 1278 1319 1350 quoque
1341 1270 1446 1351 atque
1467 1259 1558 1326 isaac

496 1378 661 1466 comites,
687 1399 770 1444 cum
794 1373 843 1443 eis
863 1368 1050 1442 consilium
1079 1368 1234 1460 confert,
1260 1395 1301 1441 ac
1325 1395 1390 1468 pro
1409 1370 1481 1442 fide
1502 1371 1557 1441 ha·

494 1493 613 1566 benda
626 1487 874 1587 jusjurandum
892 1485 999 1557 abeis
1011 1485 1154 1584 accipit,
1169 1485 1335 1583 posthaec
1348 1486 1554 1557 laudunum

494 1610 645 1682 rediens.
671 1605 794 1703 Ibique
816 1601 975 1697 ejusdem
1000 1600 1098 1671 urbis
1119 1602 1326 1699 episcopum
1350 1602 1552 1692 Rodulsum,

493 1724 705 1826 proditionis
725 1719 985 1793 evidentissime
1003 1714 1260 1804 insimulatum,
1277 1716 1322 1788 ab
1345 1717 1433 1788 urbe
1444 1717 1552 1816 pellit,

494 1865 647 1938 suosque
659 1836 764 1910 simul
780 1834 893 1930 ejicit;
911 1855 1065 1928 quorum
1076 1831 1181 1901 etiam
1195 1857 1251 1903 res
1263 1832 1334 1904 suis
1348 1832 1508 1904 contulit.

764 2033 868 2085 xvnt.
878 2030 984 2083 -Otto
1000 2029 1152 2100 Belgicam*
1163 2028 1287 2084 derum.

542 2208 627 2274 Otto
639 2203 771 2274 interea
789 2197 945 2294 Belgicos
956 2196 1178 2293 comperiens
1194 2198 1284 2293 regis
1296 2212 1413 2295 partes
1428 2213 1556 2269 susten·

493 2335 584 2410 tare,
600 2335 635 2390 et
656 2343 678 2389 a
696 2343 733 2388 se
750 2317 892 2414 penitus
911 2312 1094 2402 deiecisse,
1119 2313 1243 2385 Rheno
1266 2316 1471 2386 transmisso
1490 2316 1556 2386 Bel·

493 2437 608 2533 gicam
628 2432 844 2532 ingressus³,
870 2431 944 2525 ejus
969 2430 1046 2500 loca
1066 2428 1219 2527 plurima
1243 2430 1417 2503 incendiis
1442 2457 1484 2503 ac
1506 2433 1554 2502 in·

494 2549 654 2649 gentibus
673 2547 799 2649 praedis
827 2546 1029 2634 devastat⁴‚
1047 2569 1090 2616 eo
1111 2545 1209 2642 quod
1229 2571 1272 2617 ex
1294 2545 1483 2618 collatione
1501 2573 1555 2646 pa·

494 2683 594 2740 terna
622 2663 817 2765 princeps⁵
845 2660 921 2731 fieri
945 2660 1090 2757 Belgicis
1119 2661 1392 2758 dedignantibus
1418 2679 1555 2734 conteu-

494 2784 609 2872 deret,
628 2806 710 2852 cum
728 2780 802 2875 ejus
821 2792 921 2876 pater
942 2777 1101 2849 Saxoniae
1122 2778 1238 2848 solum
1259 2795 1405 2877 propter
1423 2779 1555 2850 Sclavo

493 2925 574 2972 rum
586 2896 848 2996 improbitatem
867 2921 928 2965 rex
945 2911 1082 2967 creatus
1093 2896 1152 2985 sit,
1168 2921 1211 2966 eo
1223 2896 1322 2992 quod
1340 2898 1490 2969 Karolus
1503 2901 1554 2968 cui

494 3041 612 3089 rerum
629 3037 769 3086 summa
789 3011 1003 3100 debebatur,
1038 3009 1155 3083 adhuc
1178 3013 1215 3083 in
1235 3014 1335 3084 cunis
1352 3014 1512 3111 vagiebat
1526 3015 1550 3086 ⁶.

493 3134 638 3206 Multam
651 3133 768 3228 itaque
782 3127 939 3227 praedam
957 3126 1153 3218 abducens,
1173 3129 1334 3202 Rhenum
1353 3145 1550 3203 transmeat.

526 3384 541 3416 ¹¹
560 3397 618 3432 cam
629 3397 660 3430 ea·
671 3380 773 3447 conject.

527 3467 535 3496 ¹
555 3483 580 3516 a.
592 3463 750 3534 quicumque
758 3461 825 3513 illius
835 3458 992 3514 videbantur
1003 3478 1019 3512 a
1030 3461 1132 3531 Belgica
1147 3473 1199 3513 ext.
1213 3459 1274 3512 Eli.

525 3551 536 3581 ¹
555 3568 579 3600 c.
593 3547 702 3602 consilio
714 3545 852 3598 Gisclberti
864 3541 938 3596 ducis
951 3544 1059 3614 Belgicae
1077 3557 1102 3597 et
1115 3544 1272 3597 ‘l'heoderici
1284 3545 1386 3596 comitis
1397 3559 1555 3597 sacramento

490 3633 539 3686 sibi
551 3631 716 3701 astringebat.
729 3628 793 3681 Otto
806 3646 868 3680 vero
879 3628 969 3699 Belgas
980 3629 1141 3699 comperiens
1153 3647 1168 3682 a
1179 3648 1205 3680 se
1220 3628 1341 3681 deiecisse
1353 3642 1377 3681 et
1390 3629 1424 3682 ad
1439 3630 1556 3682 liudewi-

490 3735 551 3768 cum
562 3715 715 3768 confluxisse
727 3713 831 3764 Rheno.
846 3711 909 3764 Eli.

525 3801 537 3830 ³
555 3800 585 3850 B.
599 3815 659 3849 cum
671 3795 785 3850 exercitu
799 3795 955 3866 ingreditur.
970 3795 1030 3847 Ekl.

525 3884 538 3914 ⁴
556 3881 585 3935 d.
598 3881 734 3933 Nitebatur
746 3879 817 3932 enim
829 3881 882 3932 acsi
902 3899 934 3931 ex
954 3891 1061 3950 paterna
1078 3878 1218 3932 traditione
1235 3879 1357 3951 princeps
1368 3881 1425 3933 lieri
1439 3881 1554 3952 Belgica

491 3969 524 4021 Id
537 3984 599 4019 vero
610 3976 702 4016 contra
712 3965 754 4034 jus
764 3982 842 4033 agere
853 3963 1089 4034 calumpniabatur,
1109 3981 1169 4015 cum
1182 3965 1237 4034 ejus
1248 3977 1321 4033 pater
1333 3977 1443 4036 propter
1453 3965 1554 4018 Sclavo-

489 4077 548 4112 rum
559 4055 748 4108 infestationem
759 4053 879 4106 Saxoniae
892 4065 1008 4118 tanturn,
1025 4071 1082 4122 quae
1100 4065 1207 4124 estpars
1218 4053 1380 4119 Germania,
1394 4054 1449 4108 dux
1462 4057 1555 4108 consti·

488 4157 558 4196 tutus
570 4141 614 4193 sir.
627 4137 687 4190 ER.

521 4230 533 4258 ⁸
551 4245 597 4278 rex
613 4229 638 4277 l.

522 4315 534 4344 ¹
553 4311 581 4364 d.
594 4323 657 4362 tunc
668 4327 692 4360 a.
707 4308 733 4359 in
746 4325 770 4358 c.
782 4306 890 4375 vagiret.
903 4305 963 4357 ΕΗ.
