3417 5392
430 534 490 599 25⁰
800 528 965 593 lttctlssttt
987 528 1063 590 ΗΒ.
1088 526 1132 591 ll.

429 654 587 727 &cuum
606 664 709 743 sunt,
735 654 927 749 Hugonem
952 650 1136 727 tirannum
1161 648 1389 728 mutumne
1405 648 1509 726 dnm·

427 784 533 861 nant,
548 783 585 842 et
596 770 619 840 a
631 783 753 840 sancta
769 768 927 841 aeeclesia
937 766 1077 869 pellunt
1089 820 1100 858 ,
1131 767 1200 841 nisi
1218 766 1429 865 resipiscens
1441 766 1510 839 do-

430 885 540 957 mino.
555 908 622 955 suo
648 884 849 976 satisfaciat,
877 899 947 958 eut·
961 888 1113 955 Romam
1130 907 1199 982 pro
1212 883 1267 954 eui
1281 882 1509 957 absolutione

430 999 528 1100 apud
554 998 731 1072 donmum
761 1021 895 1101 papam
918 1001 1192 1074 ratiocinaturus
1215 1013 1327 1099 potat.
1365 1004 1406 1071 ln
1434 1024 1509 1098 qua

428 1117 536 1189 etiam
550 1117 692 1209 sinodo,
709 1117 824 1215 agitur
849 1117 897 1189 de
922 1118 1098 1220 episcopis
1122 1116 1185 1214 qui
1209 1140 1294 1187 oum
1311 1115 1406 1188 duce
1422 1141 1509 1189 evo·

429 1235 499 1307 cati
511 1234 626 1325 nere,
657 1246 693 1307 et
704 1234 919 1319 dismlerunt
934 1236 1075 1327 venire,
1101 1232 1147 1307 de
1159 1234 1202 1305 iis
1219 1234 1328 1306 etiam
1344 1234 1409 1331 qui
1420 1258 1510 1305 con·

430 1352 620 1426 secretioni
637 1351 797 1454 Hugonis
821 1352 981 1453 episcopi
994 1350 1071 1449 jam
1088 1347 1243 1441 abdicati
1263 1350 1383 1423 illicite
1399 1352 1509 1423 inter·

430 1466 595 1561 fuerunt,
626 1468 683 1541 vel
713 1470 776 1567 qui
796 1468 842 1541 ab
864 1468 943 1568 ipso
961 1467 1085 1569 pulso,
1119 1467 1176 1540 vel
1204 1482 1288 1567 post
1315 1466 1505 1558 abdicato,

429 1600 557 1659 contra
571 1584 622 1657 fas
636 1585 850 1660 videbantur
862 1586 1035 1685 promoti.
1055 1590 1282 1659 Damnantur
1291 1587 1413 1683 itaque
1431 1585 1509 1659 duo

429 1700 728 1800 pseudoepiscopi
754 1700 801 1772 ab
827 1700 1001 1799 Hugone⁴
1032 1700 1208 1790 ordinati,
1235 1698 1426 1772 Tctbaldus
1443 1700 1510 1771 sci·

430 1814 559 1888 licetet
571 1820 655 1907 lvo,
675 1841 832 1915 quorum
842 1818 943 1915 prior
959 1814 1099 1915 apulso
1115 1810 1274 1889 sacratus
1295 1830 1350 1889 est
1370 1815 1510 1888 Ambia·

430 1934 598 2007 nennium
621 1934 831 2034 episcopua,
863 1934 954 2007 alter
973 1958 1061 2007 vero
1084 1934 1133 2007 ab
1152 1932 1319 2009 abdicato
1344 1932 1511 2009 silleten-

431 2049 537 2121 sium.
566 2054 764 2132 Damnatus
787 2060 823 2123 et
850 2049 1053 2124 adelelmus
1078 2049 1327 2126 laudunensis
1344 2048 1510 2123 ecclesio

432 2166 618 2259 diacoms,
638 2192 660 2240 a
678 2167 844 2260 llodulfo,
869 2192 938 2241 suo
957 2168 1128 2267 episcopo
1144 2167 1176 2258 ²,
1197 2165 1439 2255 insimulatus,
1463 2190 1509 2239 eo

431 2284 532 2383 quod
547 2284 759 2359 Tetbnldum
773 2286 1123 2358 excommunicatum
1140 2284 1179 2357 in
1198 2282 1511 2356 aodesiamteme·

430 2402 545 2474 rarius
561 2400 811 2475 introduxerit.
836 2404 882 2475 Hl
901 2403 999 2474 enim
1015 2402 1054 2473 in
1078 2401 1256 2475 anteriore
1272 2398 1403 2474 sinodo
1424 2424 1509 2471 cum

431 2517 524 2591 duce
537 2519 614 2616 jam
624 2521 781 2611 evocati,
803 2518 1001 2593 satisfacere
1011 2515 1328 2617 contempnebant.
1352 2520 1510 2590 Vocatur

429 2660 520 2719 ,vero
539 2634 763 2736 Hildegarius
778 2635 1046 2709 belvacensium
1059 2634 1270 2733 episcopus,
1291 2631 1420 2704 domni
1438 2635 1511 2704 lda-

432 2751 501 2825 rini
523 2766 559 2825 et
585 2754 837 2854 episcoporum
861 2752 1057 2851 legatione,
1081 2766 1122 2822 ut
1138 2765 1200 2822 aut
1217 2750 1264 2822 ad
1287 2774 1349 2822 eos
1366 2750 1506 2837 veniat,

433 2882 495 2939 aut
505 2867 627 2940 sedem
644 2868 878 2968 apostolicam
890 2894 958 2968 pro
975 2893 1042 2941 suo
1060 2866 1218 2941 facinore
1235 2867 1509 2939 ratiocinaturus

431 2999 546 3085 petat,
566 3010 611 3057 eo
624 2983 724 3091 quod
737 2985 936 3063 interfuerit
947 2984 1167 3058 ordinationi
1186 3008 1295 3085 supra
1308 2984 1384 3081 jam
1397 2981 1509 3055 dicto·

432 3124 515 3173 rum
526 3102 932 3203 pseudoepiscoporum.
949 3106 1109 3175 Vocatur
1121 3117 1159 3174 et
1176 3100 1513 3200 Heribertns‚He1i·

431 3214 525 3291 berti
542 3218 674 3301 tiranni
691 3218 804 3312 lilius,
823 3210 881 3292 ¹ob
903 3218 999 3292 mala
1016 3244 1097 3318 quae
1119 3218 1285 3292 eeclesiis
1301 3219 1358 3291 vel
1376 3220 1512 3318 episco-

433 3334 489 3433 pis
523 3334 727 3408 immaniter
763 3335 950 3409 inferebat.
987 3336 1098 3408 Wido
1139 3361 1228 3409 vcro
1268 3336 1511 3411 suessionicus

433 3451 642 3553 episcopus,
667 3476 751 3525 cum
773 3476 795 3525 a
823 3450 987 3553 plurimis
1004 3450 1231 3544 lacerarem,
1252 3477 1297 3526 eo
1313 3453 1415 3551 quod
1436 3454 1512 3552 ipse

434 3568 623 3663 Hugonem
633 3568 845 3669 episcopum
863 3583 1052 3660 sacrasset,
1081 3570 1121 3641 in
1146 3569 1277 3641 sinodo
1307 3590 1409 3643 reum
1436 3594 1510 3642 sese

433 3682 609 3757 confitens
620 3738 630 3777 ‚
647 3701 684 3760 et
692 3684 805 3757 multa
815 3684 1013 3787 penitentia
1024 3701 1164 3759 reatum
1176 3684 1387 3786 deplorans,
1403 3688 1509 3761 inter·
1537 3698 1550 3731 ⁴

433 3798 643 3875 cedentibus
660 3802 757 3903 apud
779 3800 949 3895 sinodum
968 3800 1115 3875 Artoldo
1138 3818 1245 3905 atquc
1265 3803 1436 3877 notberto
1455 3828 1509 3875 an

433 3914 687 4020 chiepiscopis,
711 3918 848 3991 absolvi
871 3919 917 3991 ab
939 3921 991 3993 eis
1011 3918 1179 3992 obtinuit.
1209 3920 1402 3993 Wicfridus
1423 3946 1508 4021 quo-

434 4060 505 4139 que
514 4037 943 4147 Morinensis'episcopus,
958 4039 1022 4138 qui
1030 4037 1286 4116 criminabatur
1293 4026 1502 4131 interfuisse,

470 4236 478 4267 ¹
498 4234 533 4289 ll.
545 4234 809 4308 pulscvelubdicetc
825 4236 916 4295 deleta.

469 4318 481 4351 ¹
499 4338 524 4373 e.
538 4320 609 4393 apud
621 4320 744 4377 dnodnm
758 4321 849 4377 deleta
995 4396 1000 4405 .
