3417 5392
850 541 1015 601 lttcttEttt
1039 541 1112 601 LlB.
1139 543 1163 601 l.

832 722 891 772 Lll.
903 698 941 762 -.
950 723 1023 773 Luire
1034 721 1143 773 deiectio
1153 723 1177 772 *.

522 877 619 941 Tunc
638 871 742 939 etiam
763 867 845 938 luna
864 866 1123 964 quartadecima
1137 883 1235 938 terrae
1254 866 1394 962 objectu
1415 867 1531 939 obscu-

476 1003 564 1075 rata‚
586 982 717 1056 visibus
739 984 950 1054 intuentium
972 981 1108 1052 defecit.
1135 984 1232 1054 Acies
1257 1007 1401 1079 quoque
1428 985 1529 1078 igneae

475 1105 590 1174 Remis
606 1104 642 1171 in
660 1100 737 1171 celo
754 1101 835 1170 visae
853 1114 946 1170 sunt.
969 1097 1105 1186 Quibus
1118 1098 1401 1196 praesagientibus
1413 1101 1526 1196 siguis,

473 1218 622 1290 febrium
650 1242 691 1287 ac
717 1214 961 1286 tussicularum
991 1213 1136 1284 morbus
1162 1241 1181 1284 e
1208 1216 1351 1312 vestigio
1378 1216 1526 1312 irrepsit;

473 1333 568 1405 unde
583 1328 743 1420 nonnulli
754 1328 914 1399 loetaliter
925 1328 1050 1418 affecti,
1065 1330 1274 1400 occubuere.
1288 1334 1378 1400 Cum
1387 1330 1442 1400 his
1451 1355 1530 1426 quo

471 1438 542 1545 que
565 1463 600 1520 et
623 1447 737 1518 litium
756 1444 980 1516 tumultuatio
995 1447 1092 1516 inter
1111 1471 1229 1542 regem
1254 1471 1294 1517 ao
1312 1445 1529 1518 Heribertum

471 1569 532 1664 qui
551 1564 720 1636 Karolum
738 1562 803 1633 sub
819 1561 978 1633 custodia
993 1561 1185 1652 detinebat,
1203 1588 1276 1633 non
1289 1563 1428 1633 modica
1452 1563 1529 1634 sub·

471 1699 590 1754 secuta
601 1697 706 1779 atque
723 1681 893 1776 exagitata
907 1681 913 1715 ¹
933 1694 998 1768 est,
1015 1705 1058 1750 eo
1072 1680 1171 1776 qnod
1185 1679 1387 1750 Heribertus
1398 1679 1442 1750 ab
1455 1703 1530 1775 rege

471 1801 579 1869 nimia
597 1796 797 1895 expetebat,
828 1821 887 1867 rex
908 1821 991 1866 vero
1012 1810 1134 1892 utpote
1161 1795 1345 1866 insatiabili
1370 1795 1456 1864 nihil
1481 1819 1530 1864 ac·

471 1912 733 1985 commodabat.

639 2111 711 2161 titt.
724 2139 760 2150 -
769 2109 927 2160 Karalus**
945 2108 1110 2160 liberatur**
1126 2095 1158 2159 ab
1175 2108 1363 2160 Heribert0**.

521 2277 602 2372 Regi
625 2298 708 2370 ergo
727 2275 839 2344 minas
855 2273 1057 2344 Heribertus
1073 2272 1275 2360 intendens,
1298 2271 1464 2343 Karolum
1484 2299 1529 2344 re·

473 2418 551 2489 gem
566 2415 738 2463 acarcere
756 2389 923 2460 eductum
943 2391 976 2459 in
991 2415 1120 2486 pagum
1139 2389 1463 2460 veromandensem
1476 2390 1530 2460 de·

472 2508 587 2597 duxit,
611 2533 685 2578 non
710 2522 748 2578 ut
771 2531 880 2602 regno
903 2504 1015 2577 fidelis
1036 2532 1118 2577 eum
1143 2509 1354 2594 restitueret,
1376 2521 1413 2576 at
1433 2522 1470 2576 ut
1492 2532 1529 2577 ex

474 2623 548 2718 ejus
561 2610 748 2692 eductione
761 2619 915 2716 aliquam
929 2622 1099 2717 suspectis
1111 2619 1335 2691 formidinem
1349 2622 1526 2690 incuteret.

474 2739 701 2810 Nortmannis
718 2739 836 2833 itaque
854 2737 1028 2806 accersitis
1041 2751 1145 2831 atque
1166 2735 1261 2832 apud
1284 2735 1455 2832 oppidum
1471 2739 1531 2803 lm·

475 2879 556 2950 gam
573 2850 727 2922 collectis
747 2874 829 2920 eum
844 2849 857 2884 ²
878 2848 1037 2937 deducit;
1059 2848 1176 2945 ibique
1190 2847 1281 2918 filius
1300 2847 1455 2919 Rollonis
1472 2873 1530 2944 py-

475 2985 577 3056 ratae,
605 2968 650 3039 de
677 2969 776 3063 cujus
802 2967 1043 3037 interfectione
1068 2967 1143 3063 jam
1174 2964 1322 3036 relatum
1348 2980 1419 3054 est,
1449 2965 1532 3061 regis

477 3085 640 3156 manibus
658 3108 733 3155 sese
751 3083 979 3153 militaturum
998 3083 1202 3171 committit,
1231 3080 1409 3176 fidemque
1431 3105 1531 3176 spon·

477 3203 555 3291 det,
572 3227 613 3272 ac
627 3214 845 3271 sacramento
860 3198 986 3268 firmat.

477 3400 548 3450 LlV.
555 3428 591 3438 -
598 3396 728 3451 Sententia
737 3395 786 3429 m
798 3413 873 3465 papae
890 3395 916 3444 in
930 3394 979 3427 ”l
992 3391 1135 3444 flodulfum
1143 3393 1190 3426 *Η
1203 3361 1296 3462 petita}
1306 3393 1339 3443 ab
1348 3391 1482 3442 lleriberto
1490 3391 1534 3423 Μ

931 3479 1024 3548 rejecta
1035 3475 1092 3528 m.

528 3623 661 3693 Exinde
680 3621 883 3691 Her-ibertus
899 3619 1050 3689 nodulfo
1064 3619 1136 3712 regi
1150 3614 1330 3703 invidens,
1346 3615 1536 3686 admodum

480 3738 721 3810 insidiabatur.
744 3734 847 3806 Unde
871 3751 1005 3806 etcum
1030 3732 1159 3804 Karolo
1184 3737 1310 3802 Remos
1331 3731 1533 3818 deveniens,

516 3936 530 3969 ¹¹
550 3933 599 3997 de,
612 3933 639 3983 io
651 3952 682 3982 ex
695 3934 796 4000 conject.

514 4016 552 4051 ὓ
571 4017 656 4080 tolus,
669 4027 756 4066 eratur
767 4015 815 4077 ab,
827 4014 902 4065 berto
914 4033 943 4064 er
959 4015 1059 4082 conject.

516 4102 565 4136 *ἦ*
583 4112 661 4164 nten,
673 4116 748 4168 papie
761 4097 799 4161 in,
812 4095 915 4149 dulfum
926 4137 933 4162 ,
946 4095 1083 4148 Heriberto
1094 4097 1146 4164 reje
1158 4114 1187 4144 ex
1197 4094 1298 4162 conject.

518 4187 525 4215 ³
547 4181 652 4236 modica
664 4193 753 4233 exorta
768 4193 806 4232 est
818 4183 843 4231 l.

513 4270 527 4299 ²
545 4267 683 4320 Karolum.
703 4269 726 4316 1.
