3417 5392
478 603 536 662 156
841 605 1007 667 RICHERI
1029 604 1103 665 LIB.
1128 604 1172 666 11.

476 722 592 811 senu‘t,
611 723 747 817 juratus
764 729 870 798 etiam
889 742 929 799 ut
949 726 1057 797 fertur
1075 725 1292 823 repudiavit⁴
1309 752 1319 814 ;
1336 737 1377 836 'et
1394 724 1533 798 tandem

476 837 622 909 canibus
652 842 877 932 satisfaciens,
905 842 950 914 ad
979 857 1139 924 sanctum
1162 841 1327 914 Basolum
1352 843 1402 912 ibi
1426 867 1535 913 mora·

478 967 577 1024 turus
594 954 770 1028 abscessit.

479 1197 584 1251 xxm.
601 1230 637 1240 -
651 1201 729 1272 Hugo
747 1222 777 1255 ac
797 1204 947 1257 Heribertus
959 1205 987 1256 in
1001 1205 1067 1276 regis
1085 1205 1200 1257 absentm
1213 1203 1371 1257 laudunum
1384 1203 1535 1273 inpugnant.

528 1369 677 1462 Hugone
699 1393 784 1464 ergo
806 1369 972 1460 diacone,
997 1371 1126 1441 tiranni
1151 1369 1237 1459 filio,
1267 1369 1383 1440 Remis
1404 1366 1534 1452 relicto,

477 1480 690 1579 jampridem
704 1486 808 1556 etiam
826 1487 872 1556 ad
886 1487 1127 1585 episcopatum
1140 1485 1237 1557 urbis
1254 1485 1362 1583 ipsius
1380 1496 1536 1570 evocato,

481 1596 555 1693 ipse
581 1598 782 1671 Heribertus
813 1616 918 1699 atque
943 1607 1058 1699 Hugo,
1092 1600 1303 1673 Laudunum
1327 1625 1410 1671 cum
1434 1601 1540 1698 copiis

481 1714 743 1808 aggrediuntur,
764 1718 988 1789 obsidionem
1005 1719 1162 1816 undique
1180 1718 1399 1806 adhibentes,
1420 1715 1542 1788 urbem

483 1828 651 1917 militibus
676 1858 825 1904 vacuam
850 1835 929 1924 rati,
955 1835 1119 1932 eoquod
1141 1859 1199 1906 rex
1224 1836 1260 1904 in
1288 1833 1447 1933 partibus
1465 1838 1543 1930 Rur-

483 1948 622 2044 gundiae
643 1952 874 2022 exterioribus
899 1951 965 2024 alia
986 1967 1141 2042 curaret,
1162 1966 1284 2049 etqua
1301 1963 1465 2049 poterant
1486 1974 1544 2047 op

483 2080 693 2161 pugnantes,
719 2066 855 2162 ingredi
883 2067 1114 2139 conabantur.
1146 2071 1188 2137 At
1210 2065 1340 2137 montis
1357 2065 1544 2138 eminentia

485 2180 724 2279 superioribus
746 2184 910 2282 impares,
937 2207 1011 2254 non
1040 2182 1148 2254 semel
1169 2182 1294 2254 cedere
1314 2183 1427 2252 coacti
1449 2196 1540 2252 sunt.

485 2297 664 2368 instabant
688 2313 820 2387 tamen,
845 2323 886 2368 ac
910 2299 982 2394 regi
1008 2299 1203 2394 ingressum
1233 2299 1419 2396 ptaeripere
1445 2322 1546 2369 cona·

484 2409 625 2482 bantur.
1146 2429 1149 2434 “

662 2637 763 2688 XXIV.
773 2667 809 2676 —
820 2637 913 2708 Rege*
927 2637 1101 2692 adveniente*
1114 2637 1217 2692 obsidio
1232 2639 1372 2691 solvitur*.

534 2791 682 2885 Jamque
694 2787 912 2861 ebdomadas
926 2805 1060 2889 septem
1071 2791 1372 2890 obpugnaverant,
1389 2815 1472 2860 curn
1491 2813 1546 2860 rex

488 2902 593 2998 hujus
612 2907 663 2975 rei
689 2908 819 2978 accitus
845 2910 985 2996 nuntio,
1010 2910 1046 2978 in
1074 2909 1266 3006 Campania
1285 2908 1449 2979 Remensi
1466 2921 1549 2977 tem·

487 3019 642 3116 pestivus
665 3019 773 3091 affuit.
808 3027 851 3092 Et
874 3022 955 3095 licet
980 3049 1063 3096 cum
1089 3025 1226 3123 paucis,
1260 3025 1407 3095 fluvium
1434 3039 1547 3094 tamen

488 3141 648 3208 Axonam
659 3153 829 3235 permeat,
850 3154 887 3210 et
898 3141 947 3212 sic
958 3141 995 3211 in
1007 3139 1126 3212 hostes
1137 3139 1256 3212 fertur.
1273 3143 1354 3227 Quo
1368 3155 1548 3238 comperto

487 3252 617 3323 tiranni
629 3253 658 3343 ²,
679 3255 769 3351 regis
783 3276 926 3353 quoque
944 3258 1103 3327 animum
1121 3255 1294 3354 simulque
1308 3272 1342 3328 et
1355 3257 1551 3354 aequitatem

488 3368 761 3466 perpendentes
793 3371 839 3443 ab
863 3371 1049 3444 obsidione
1067 3373 1265 3445 discedunt.
1289 3376 1360 3445 Rex
1389 3399 1476 3445 vero
1505 3375 1550 3444 in·

491 3509 641 3577 gressus,
674 3487 800 3577 vicurs,
834 3489 1030 3560 necessaria
1061 3491 1131 3561 suis
1161 3491 1318 3589 paravit,
1342 3515 1384 3561 ac
1406 3516 1550 3588 quaeque

489 3602 680 3673 commoda
709 3603 897 3688 ordinavit.
937 3606 1063 3704 Sicque
1090 3607 1156 3690 alia
1189 3607 1443 3706 dispositurus,
1474 3612 1551 3678 Bur·

490 3717 816 3823 gundiamrepetit.
844 3725 885 3791 ln
909 3723 1009 3818 cujus
1031 3721 1198 3812 discessu,
1218 3725 1327 3796 Wido
1346 3727 1550 3796 Suessorurn

490 3834 676 3932 episcopus
687 3860 708 3907 a
718 3835 957 3909 desertoribus
968 3837 1103 3929 suasus,
1119 3865 1163 3911 eo
1176 3841 1276 3937 quod
1294 3842 1417 3938 etipse
1430 3864 1550 3911 eorum

489 3965 606 4046 partes
635 3950 782 4024 latenter
812 3968 990 4044 tueretur,
1025 3958 1153 4026 Remos
1178 3957 1346 4047 veniens,
1381 3955 1550 4028 Heriberti

529 4141 544 4174 ἦ
562 4141 602 4204 R,
615 4141 658 4206 ni,
675 4161 687 4192 s
703 4141 805 4208 adscita.
975 4133 990 4168 ⁸

530 4223 538 4252 ¹
558 4223 689 4293 repudivit
700 4224 785 4275 codex.

525 4308 538 4338 ¹
556 4307 704 4360 Heribertus
716 4321 742 4360 et
753 4310 830 4379 Hugo
844 4313 869 4362 i.
