3417 5392
465 494 525 554 184
830 490 996 551 ltleltsslu
1017 489 1092 550 LlB.
1118 488 1159 548 ll.

463 614 582 709 itaque
600 611 645 681 de
663 612 821 684 amicicia
834 610 975 701 suadet,
995 635 1071 682 sese
1089 611 1181 680 inter
1198 632 1261 679 eos
1279 608 1453 704 judicem,
1466 637 1529 709 pe·

462 730 557 801 nitus
574 728 773 825 aequitatem
786 728 926 824 utrique
943 727 1035 826 parti
1047 727 1222 797 facturum
1234 724 1417 822 pollicens.
1440 730 1532 797 Con-

462 840 596 917 cedunt
606 844 724 940 itaque
738 868 778 914 ac
787 842 893 939 jussis
911 843 1014 940 regiis
1024 856 1167 940 parent,
1188 839 1349 939 datisque
1362 841 1528 932 vadibus,

462 960 626 1057 equitatis
644 961 725 1056 jura
749 975 972 1031 exsecuntur.
1004 962 1076 1030 Rex
1093 985 1175 1030 curn
1201 960 1358 1057 utrisque
1382 960 1529 1049 faveret,

463 1076 658 1175 quamlibet
677 1077 816 1173 utrique
839 1074 1083 1146 liberalitatem
1100 1076 1261 1147 conferre
1278 1074 1527 1147 meditabatur.

463 1195 533 1281 Qui
551 1218 634 1265 curn
647 1192 832 1265 Arnulfum
850 1192 896 1263 de
915 1192 1243 1289 recompensatione
1261 1215 1381 1262 rerum
1398 1208 1533 1289 erepta·

463 1336 545 1381 rum
569 1325 707 1399 nutare,
737 1334 778 1380 ac
804 1307 991 1379 Erluinum
1017 1308 1203 1379 instantius
1228 1308 1356 1379 amissa
1371 1323 1533 1406 repetere

464 1424 681 1517 adverteret,
717 1424 902 1496 Arnulfirm
928 1449 1072 1522 quoque
1102 1424 1238 1520 majora
1262 1426 1528 1515 restituturum,

464 1568 508 1614 eo
522 1541 621 1640 quod
639 1544 713 1640 ipse
732 1541 903 1639 ampliore
916 1567 1036 1612 rerum
1048 1541 1236 1638 dispendio
1248 1541 1435 1613 Erluinum
1451 1542 1533 1615 affe·

464 1660 563 1747 cerit,
584 1658 731 1729 Erluino
750 1656 964 1728 Ambianum
985 1660 1022 1729 in
1043 1660 1371 1755 recompensatione
1388 1659 1534 1729 amisso-

465 1788 549 1846 rum‘
581 1800 648 1874 pro
679 1772 825 1845 Arnullo
854 1774 1040 1844 concessit.
1079 1776 1205 1870 Sicque
1237 1775 1368 1846 sactum
1393 1790 1459 1862 est,
1494 1791 1532 1845 ut

465 1891 611 1961 Erluino
638 1915 701 1961 sua
729 1891 1014 1979 restituerentur,
1041 1905 1077 1960 et
1101 1890 1247 1962 Arnulfo
1279 1916 1342 1963 sua
1368 1916 1443 1962 non
1465 1892 1532 1961 mi·

467 2021 671 2078 nuerentur.
702 2007 803 2103 Regis
828 2008 947 2103 itaque
970 2006 1144 2080 industria
1163 2010 1200 2078 in
1221 2009 1417 2080 amiciciam
1434 2033 1533 2079 revo-

467 2124 547 2215 cati,
564 2124 657 2219 regia
672 2123 812 2219 negotia
825 2121 953 2193 exinde
964 2122 1147 2203 curabant,

574 2567 646 2619 XLI.
658 2598 695 2609 -
705 2568 858 2640 Prodigiosa
868 2569 1055 2622 demonstratio
1066 2570 1082 2603 *
1093 2568 1174 2622 cladis
1184 2569 1381 2622 Brittannorom
1391 2568 1419 2618 ².

516 2729 597 2813 Quo
619 2740 779 2824 tempore
802 2728 978 2800 ferebatur
1002 2730 1123 2800 Parisii
1144 2727 1250 2800 turbo
1269 2742 1414 2825 repente
1436 2751 1537 2796 exor-

469 2856 538 2929 tus,
560 2856 657 2913 tanta
681 2844 716 2912 vi
735 2844 998 2933 discucurrisse,
1019 2859 1059 2915 ut
1079 2846 1229 2942 parietes
1248 2843 1359 2914 multa
1376 2842 1537 2940 lapidum

470 2955 564 3027 mole
581 2956 730 3047 limdati,
752 2960 788 3029 in
807 2962 931 3056 Monte
945 2962 1128 3033 Martirum
1151 2960 1309 3033 funditus
1328 2960 1442 3032 eversi
1461 2959 1536 3030 fue·

468 3072 551 3183 rint.
571 3078 752 3146 Demones
765 3100 911 3173 quoque
923 3078 1084 3174 equitum
1097 3079 1214 3177 specie
1225 3078 1334 3166 visos,
1354 3075 1538 3147 basilicam

468 3186 651 3283 quandam
670 3215 745 3262 non
764 3192 891 3289 procul
912 3194 1028 3285 sitam,
1053 3195 1231 3284 evertisse,
1256 3194 1403 3290 ejusque
1421 3190 1538 3263 trabes

470 3308 673 3379 memoratis
703 3309 895 3406 parietibus
926 3327 998 3381 tam
1028 3311 1144 3382 valide
1175 3310 1380 3398 incussisse,
1408 3324 1450 3379 ut
1475 3332 1538 3379 eos

469 3420 687 3513 subruerint3
723 3424 890 3497 evulsisse
918 3413 1024 3497 etiam
1053 3427 1213 3522 ejusdem
1240 3426 1372 3497 montis
1397 3426 1536 3512 vineta,

469 3560 510 3607 ac
532 3553 606 3609 sata
630 3540 840 3613 devastasse.
871 3546 953 3614 Mox
973 3544 1049 3613 viso
1071 3543 1248 3640 prodigio,
1271 3524 1539 3613 Brittannorum

469 3655 641 3749 pernicies
672 3655 859 3729 subsecuta
884 3674 946 3729 est.
975 3661 1045 3746 Qui
1077 3660 1275 3757 Berengarii
1306 3674 1412 3756 atque
1440 3658 1539 3730 Alani

468 3769 671 3868 principum
701 3773 906 3845 dissidentia
934 3773 1128 3866 discordes,
1161 3800 1182 3846 a
1206 3774 1435 3847 Nortmannis
1456 3796 1538 3843 cum

469 3886 598 3981 quibus
615 3905 759 3986 pactum
778 3907 935 3987 egerant,
955 3894 1106 3989 pervasi,
1127 3890 1309 3988 multaque
1325 3889 1413 3961 cede
1431 3890 1540 3961 attriti

470 4018 562 4074 sunt.
598 4008 744 4077 Necnon
773 4022 809 4079 et
829 4010 950 4081 civitas
976 4014 1182 4082 Namtarum
1208 4023 1311 4106 capta
1334 4022 1397 4078 est.
1429 4004 1537 4100 Cujus

504 4212 518 4243 '¹'
538 4211 584 4278 de,
599 4213 631 4278 ti,
644 4224 669 4265 ta
682 4215 784 4267 abscisa.
