3417 5392
452 531 506 590 ‚96
803 555 805 559 ¹
847 526 1015 586 RlCHElll
1037 527 1108 586 ΗΒ.
1133 526 1158 584 Ι.

464 646 688 745 magnatibus
706 670 814 745 super
827 647 976 717 fluvium
990 649 1191 744 Sequanam
1211 644 1419 719 adversariis
1438 648 1545 736 indu·¹

465 769 522 838 cit.
540 772 582 838 At
593 780 725 864 pyratae
741 766 748 800 ¹
768 765 917 835 renisuri
932 762 1178 854 obvenientes,
1193 762 1334 833 aGallis
1343 765 1381 834 in
1391 789 1455 835 sua
1468 790 1539 837 cas-

465 899 517 954 tra
540 882 656 953 redire
678 881 790 951 coacti
811 895 907 950 sunt.
935 878 1025 950 Galli
1043 879 1215 976 fugientes
1237 880 1396 969 insecuti,
1421 883 1537 952 castris

466 1001 584 1095 ignem
605 997 808 1086 inmittunt,
838 997 1088 1092 congressique
1109 995 1310 1065 vehementi
1331 996 1535 1088 conamine,

464 1119 577 1187 victos
590 1130 764 1186 sternunt.
778 1117 821 1185 lt
833 1112 890 1184 alii
905 1114 986 1210 fuga
997 1111 1164 1212 pedestri,
1177 1111 1235 1182 alii
1246 1111 1411 1209 profugio
1426 1113 1537 1184 navali

465 1233 575 1330 elapsi
593 1248 693 1322 sunt,
715 1231 773 1301 alii
793 1256 877 1301 cum
893 1231 1014 1302 castris
1031 1229 1208 1318 succensi,
1223 1228 1280 1298 alii
1299 1227 1391 1300 ferro
1410 1227 1457 1298 ad
1476 1232 1538 1300 tria

465 1351 561 1422 milia
576 1350 747 1422 interlecti
757 1364 851 1420 sunt.
865 1353 965 1435 Quos
974 1374 1060 1420 vero
1072 1349 1153 1444 luga
1163 1347 1360 1444 exagitavit,
1377 1362 1460 1444 post
1470 1347 1537 1418 col·

463 1469 557 1555 lecti,
570 1467 729 1564 quodam
743 1491 809 1537 suo
828 1466 964 1566 oppido
979 1491 1079 1537 secus
1094 1490 1191 1538 mare
1206 1465 1273 1535 sito
1287 1463 1426 1535 collecti
1441 1479 1531 1536 sunt.

464 1583 528 1653 Cui
542 1585 647 1652 etiam
663 1587 765 1677 Augae
777 1607 910 1653 nomen
921 1597 1005 1653 erat.

640 2489 671 2544 L.
684 2523 720 2533 -
731 2490 850 2544 llollonis
862 2507 960 2566 pyrate
973 2492 1091 2548 interitus
1103 2514 1262 2566 suorumque
1273 2499 1359 2550 ruina.

511 2663 675 2746 Quorum
702 2661 867 2759 princeps
890 2661 990 2733 Rollo
1016 2662 1270 2736 sufficientibus
1296 2667 1406 2762 copiis
1430 2667 1530 2765 oppi-

461 2775 550 2846 dunr
562 2776 725 2874 implens,
739 2777 835 2848 bello
848 2803 924 2849 sese
936 2779 1118 2850 manifeste
1130 2782 1277 2878 paravit.
1296 2783 1369 2853 Rex
1382 2780 1466 2853 inde
1485 2783 1530 2852 di·

461 2915 616 2987 gressus,
631 2893 823 2964 exercitum
835 2897 1046 2992 provocanti
1061 2897 1184 2986 infert,
1200 2897 1369 2994 congredi
1382 2923 1458 2968 non
1470 2897 1530 2970 dil·

462 3007 589 3079 lerens.
603 3010 786 3108 Oppidum
804 3027 1065 3107 aggressusest.
1081 3017 1125 3083 Et
1139 3012 1326 3084 obsidione
1344 3012 1526 3112 disposita,

460 3124 592 3196 vallum
606 3151 679 3222 quo
694 3127 914 3224 cingebatur,
932 3129 1107 3228 irrumpit.
1127 3135 1240 3226 Atque
1257 3131 1306 3200 sic
1325 3131 1459 3202 tirones
1473 3155 1528 3228 pe·

457 3241 612 3313 ribolnm
635 3244 936 3338 conscendentes,
960 3246 1180 3320 adversarios
1193 3247 1405 3345 pervadunt,
1431 3250 1528 3348 oppi-

438 3347 444 3358 ’
458 3359 577 3457 doque
595 3346 698 3460 potiti
713 3361 742 3452 ²,
764 3387 881 3435 mares
894 3389 1020 3436 omnes
1030 3365 1225 3456 trucidant,
1239 3366 1377 3438 seminis
1394 3368 1527 3438 intactis

457 3495 628 3575 parcunt,
655 3479 830 3579 oppidum
860 3481 1007 3554 diruunt
1032 3499 1138 3581 atque
1166 3482 1394 3556 comburunt.
1424 3486 1528 3581 Cujus

458 3595 630 3668 incendiis
649 3623 729 3669 aere
750 3597 898 3670 densato
926 3625 967 3671 ac
992 3599 1189 3698 denigrato,
1210 3602 1247 3672 in
1271 3617 1360 3686 tetra
1383 3600 1527 3701 caligine

457 3712 621 3783 nonnulli
633 3715 837 3807 evadentes,
850 3714 1038 3788 finitimam
1050 3717 1230 3815 quandam
1242 3731 1422 3815 occupant
1439 3717 1528 3787 insu·

455 3828 539 3900 lam.
553 3834 652 3916 Quos
670 3834 745 3904 sine
759 3833 931 3905 dilatione
944 3836 1117 3906 exercitus
1134 3860 1315 3933 aggressus
1328 3834 1473 3932 appetit,
1485 3858 1526 3904 ac

455 3946 571 4020 navali
589 3973 708 4047 pugna
728 3951 838 4022 victos
852 3953 1033 4051 opprimit.
1053 3959 1204 4049 Pyram,
1220 3954 1297 4022 vitae
1317 3975 1419 4048 spem
1433 3951 1526 4021 amit·

491 4139 498 4168 ¹
519 4140 670 4191 nortmanui
684 4143 709 4191 l.

488 4223 499 4251 ²
517 4241 545 4291 p.
559 4223 699 4274 Rollonem
714 4225 796 4276 oculis
810 4227 908 4277 effossis
920 4226 1057 4296 suggillant
1069 4227 1195 4295 lroerjam,
1212 4227 1277 4278 linea
1289 4223 1425 4285 subducta,
1446 4221 1523 4272 deleta

448 4319 504 4355 Sum
509 4347 513 4356 .
