3417 5392
448 504 490 565 6⁴
836 497 1004 560 lllCllERl
1026 495 1100 568 itu.
1127 499 1151 564 l.

453 636 609 721 quatuor
623 620 792 692 cohortes
803 646 847 692 ex
865 621 1014 720 Belgica,
1031 621 1162 720 quibus
1178 636 1215 694 et
1234 619 1427 696 Richuinus
1444 651 1529 724 prze-

454 739 571 812 dietus
589 751 748 838 praerat.
771 739 1029 835 Aquitanorum
1045 765 1132 811 vero
1149 737 1307 836 legiones
1333 743 1530 816 Dalmatius

455 855 602 929 curabat
610 855 818 947 ,Nerisuios
828 879 916 928 vero
927 857 1003 955 ipse
1016 854 1291 928 duxttoibertus
1302 857 1526 959 disponebat.

454 977 583 1074 Sioque
608 989 704 1046 totus
729 973 830 1046 ducis
853 974 1028 1046 exercitus
1057 973 1094 1044 in
1127 973 1362 1072 quadraginta
1387 974 1530 1048 milibus

454 1091 615 1188 equitum
639 1088 866 1161 consistebat.
895 1087 1112 1162 Dalmatiam
1136 1115 1222 1187 ergo
1242 1115 1326 1163 cum
1349 1094 1531 1190 Aquitanis

454 1208 493 1280 iu
511 1207 627 1306 prima
643 1205 761 1278 fronte
778 1205 978 1297 constituit3
1001 1207 1085 1279 dein
1107 1207 1228 1305 Belgas
1240 1208 1268 1299 ¹,
1293 1224 1330 1280 at
1349 1211 1531 1282 Neusnios

456 1322 622 1396 subsidiis
632 1322 737 1394 locat.
755 1325 834 1422 lpse
845 1323 952 1396 etiam
966 1322 1040 1396 dux
1052 1322 1210 1422 legiones
1223 1325 1435 1398 circumiens
1448 1352 1532 1425 prae·

457 1442 582 1542 cipuos
599 1465 762 1542 quosque
778 1441 927 1514 nomine
944 1465 1077 1514 vocans
1093 1439 1269 1532 hortatur,
1286 1457 1326 1513 ut
1338 1465 1410 1514 suae
1426 1442 1533 1530 virtu-

457 1560 503 1630 tis
526 1583 568 1629 ac
597 1556 791 1630 nobilitatis
810 1556 1006 1655 plurimum
1032 1557 1279 1648 meminerint3
1293 1549 1371 1657 'pro
1397 1559 1529 1658 patria,

459 1700 526 1775 pro
539 1675 624 1765 rita,
644 1699 712 1774 pro
733 1673 895 1746 libertate
914 1672 1125 1746 certandum
1149 1697 1327 1766 asserens-3
1351 1673 1398 1748 de
1413 1691 1533 1748 ⁴morte

459 1817 535 1865 uon
552 1791 816 1864 sollicitandum
826 1815 910 1862 cum
925 1813 966 1866 ea
981 1788 1149 1862 omnibus
1168 1789 1303 1862 incerta
1320 1791 1385 1881 sit;
1405 1791 1532 1862 sivero

459 1908 608 2007 fugiant,
628 1908 679 1980 eis
695 1907 785 1980 nihil
803 1906 850 1978 ab
870 1905 1033 1978 hostibus
1057 1930 1133 1977 esse
1160 1904 1448 2005 relinquendum.
1474 1907 1533 1978 His

462 2041 498 2097 et
522 2025 599 2098 aliis
622 2050 734 2123 quam
757 2023 939 2123 plurimis,
965 2023 1118 2094 militum
1141 2022 1281 2094 anirnos
1307 2021 1530 2096 incendebat

461 2141 600 2230 Quibus
609 2141 712 2214 dictis
724 2141 818 2212 dux
808 2140 977 2214 inlocum
988 2139 1051 2212 ubi
1063 2139 1236 2239 prelium,
1252 2157 1328 2212 erat
1336 2140 1533 2300 gerendum

460 2260 651 2331 instructos
664 2257 809 2335 ordines
825 2256 982 2398 deducit

948 2805 1051 2862 XXIX.

516 2975 589 3045 Nec
605 2971 725 3043 minus
741 2985 778 3044 et
793 2970 953 3044 hostium
970 2974 1144 3077 exercitus
1160 2987 1285 3054 contra
1296 2969 1365 3047 hos
1385 2994 1462 3046 rem
1480 2975 1538 3045 mi-

467 3089 607 3164 litarem
618 3088 732 3162 multa
744 3087 886 3161 audatia
900 3084 1128 3182 ordinabant.
1143 3093 1307 3178 Quorum
1319 3090 1536 3162 exercitusin

467 3208 725 3306 quinquaginta
734 3205 881 3278 milibus
895 3222 1114 3279 armatorum
1127 3207 1337 3298 consistens,
1349 3205 1538 3279 ordinatim

440 3362 442 3365 ·
468 3324 742 3425 obrenientibus
758 3323 932 3424 procedit.
950 3323 1140 3396 hotbertus
1153 3323 1228 3396 dux
1243 3325 1318 3396 vim
1331 3321 1420 3424 belli
1437 3324 1540 3396 maxi·

469 3467 567 3515 marn
583 3442 772 3538 imminere
789 3441 993 3533 advertens,
1014 3466 1099 3512 cum
1117 3440 1212 3512 mille
1230 3439 1385 3512 robustis
1397 3465 1442 3511 ex
1455 3443 1541 3510 Neu·

470 3562 569 3653 stria,
593 3559 772 3632 Dalmatio
788 3561 827 3632 in
845 3561 961 3658 prima
978 3559 1095 3632 fronte
1112 3585 1189 3632 sese
1206 3560 1362 3632 assotiat.
1381 3557 1542 3629 Procedit

471 3679 590 3776 itaque
612 3701 695 3749 cum
719 3658 896 3749 Dalmatio
915 3689 951 3748 et
970 3675 1190 3775 Aquitanis².
1223 3681 1266 3748 ht
1281 3677 1479 3776 piratarum
1498 3673 1542 3745 le

472 3796 596 3893 giones
608 3793 717 3893 longo
731 3819 808 3867 sese
821 3794 949 3867 ordine
968 3793 1262 3893 protenderant⁸,
1283 3795 1473 3894 ipsumque
1490 3816 1541 3863 or

474 3911 596 3983 dinem
608 3911 655 3983 ad
667 3911 788 3984 hostes
801 3911 1030 4011 excipiendos
1043 3926 1278 3998 curvaverant
1289 3923 1444 3984 scemate
1452 3907 1540 3980 lunae

510 4121 518 4151 ¹
538 4121 567 4172 b.
580 4118 648 4203 duce
658 4120 796 4191 ghlebeato
807 4119 923 4175 ordinat.
936 4119 998 4174 inde
1008 4085 1039 4174 ¹u.
1054 4123 1080 4173 l.

509 4206 558 4256 ἰ.
572 4205 702 4258 frontibus
712 4206 827 4258 maiorm
838 4205 954 4278 signatis.
968 4209 1002 4260 At
1014 4209 1039 4258 l.

512 4291 523 4319 ³
541 4288 729 4360 protenderant
743 4289 800 4342 cod.
918 4295 921 4300 '
1039 4318 1042 4324 ·
