3417 5392
475 554 515 611 70
842 552 1008 615 lttcttEul
1032 551 1105 611 tlh.
1130 551 1153 610 l.

473 671 610 744 domno
627 695 720 771 papa
735 673 916 746 humiliter
932 671 1109 762 consulto,
1132 669 1303 743 efficatius
1324 695 1381 744 res
1398 669 1539 744 ordina-

472 801 581 858 retur.
614 789 792 863 Revolutis
813 793 931 890 itaque
957 804 1097 889 patrum
1127 786 1291 877 decretis,
1321 787 1538 860 reverendus

472 903 765 1002 metropolitanus
777 909 946 979 Herivcus
964 908 1012 982 24
1027 903 1178 1004 capitula
1195 905 1232 975 in
1250 903 1433 978 volumine
1447 905 1539 976 ordi·

470 1021 581 1111 navit,
599 1023 852 1097 rationabiliter
865 1049 906 1097 ac
920 1022 1049 1096 utiliter
1062 1021 1206 1118 digesta,
1222 1035 1259 1093 et
1270 1021 1420 1120 qualiter
1430 1021 1539 1094 rudes

471 1135 509 1206 in
527 1135 598 1209 lide
615 1138 772 1212 habendi
794 1157 877 1213 sunt
896 1139 1124 1213 continentia.
1153 1142 1240 1226 Quae
1257 1139 1379 1211 omnia
1395 1162 1539 1209 venera·

471 1251 534 1323 bili
551 1253 768 1327 Rodomeusi
785 1256 936 1328 Wittoni
954 1254 1139 1351 delegavit.
1160 1251 1221 1324 llle
1237 1245 1327 1326 vero
1343 1253 1536 1354 excipiens,

471 1367 618 1442 utiliter⁴
642 1387 822 1472 sumptum
835 1373 1016 1470 negotium
1034 1369 1303 1443 consummavit.

937 1593 1065 1646 XXXIV.

519 1740 593 1808 Hac
610 1738 717 1810 etiam
734 1755 941 1839 tempestate
959 1745 1176 1839 liagenerus,
1193 1740 1248 1812 vir
1265 1739 1480 1813 consularis’
1502 1756 1538 1812 et

470 1851 612 1942 nobilis,
633 1873 872 1952 cognomento
891 1855 1161 1952 Collo-Longus,
1182 1856 1282 1953 cujus
1300 1857 1406 1930 etiam
1419 1854 1538 1927 obitus

470 1967 618 2040 multam
632 1973 682 2042 rei
699 1972 849 2070 publice
864 1975 901 2045 in
921 1973 1057 2071 Belgica
1075 1973 1192 2046 intulit
1207 1972 1338 2061 labem,
1353 1975 1537 2044 communi

470 2087 630 2184 corporis
642 2088 836 2162 valitudine
847 2105 960 2161 tactus
974 2105 1009 2162 et
1020 2083 1222 2189 oppressus,
1230 2089 1338 2160 finem
1349 2090 1428 2162 vitae
1441 2088 1538 2188 apud

469 2203 646 2273 Marsuam
662 2203 833 2302 palatium
851 2207 996 2304 accepit.
1020 2205 1128 2301 Cujus
1140 2205 1295 2302 exequiis
1308 2204 1458 2276 Karolus
1477 2229 1537 2276 rex

470 2317 666 2396 interfuisse
684 2319 823 2411 dicitur,
844 2347 886 2393 ac
902 2321 1024 2393 oculos
1042 2319 1193 2394 lacrimis
1211 2307 1362 2392 suffusus
1380 2320 1532 2392 dixisse:

473 2437 521 2520 0,
543 2433 723 2532 inquiens,
739 2462 785 2506 ex
803 2436 877 2508 alto
889 2437 1053 2509 humilem
1062 2493 1073 2526 ,
1095 2463 1141 2508 ex
1157 2437 1276 2536 amplo
1296 2437 1535 2510 artr'ssimtun!

470 2545 580 2619 altero
593 2575 801 2647 personam,
821 2551 933 2623 altero
948 2569 1220 2624 monumentum
1234 2551 1444 2650 significans.
1458 2560 1538 2627 Pcr-

469 2665 626 2762 aclisque
643 2669 828 2766 exsequiis,
854 2667 1052 2742 Gisleberto
1076 2670 1151 2766 ejus
1170 2669 1256 2762 filio,
1273 2669 1346 2767 jam
1375 2671 1467 2742 lacto
1484 2673 1536 2769 ju·

470 2782 568 2872 veni,
588 2798 776 2880 paternum
788 2784 984 2874 honorem,
1005 2810 1125 2856 coram
1143 2785 1361 2886 principibus
1379 2788 1441 2886 qui
1455 2813 1538 2860 con·

470 2896 644 2970 fluxerant
655 2898 895 2973 liberalissime
908 2899 1165 2974 accommodat.

945 3099 1058 3150 XXXV.

518 3244 583 3314 Hic
596 3267 679 3314 cum
691 3259 783 3316 esset
794 3244 987 3318 clarissimo
1009 3269 1136 3342 genere
1154 3246 1307 3335 inolitus,
1329 3261 1365 3316 et
1384 3245 1535 3317 Heinrici

470 3361 629 3430 Saxoniae
639 3355 740 3432 ducis
752 3359 831 3432 filiae
841 3361 1027 3458 Gerbergae
1037 3360 1202 3458 conjugio
1213 3359 1225 3398 ³
1237 3361 1389 3431 nimium
1396 3360 1489 3452 felix,
1498 3363 1534 3432 in

470 3473 614 3546 nimiam
635 3501 708 3575 prae
726 3476 912 3549 insolentia
926 3479 1156 3549 temeritatem
1173 3501 1329 3576 praeceps
1345 3475 1531 3550 serebatur.

470 3595 510 3661 ln
523 3592 707 3692 disciplina
727 3592 870 3665 militari
882 3620 925 3666 ex
944 3593 1085 3666 audatia
1102 3593 1245 3682 nimius,
1265 3592 1414 3681 adeout
1426 3593 1536 3690 quod-

470 3733 623 3807 cumque
648 3699 887 3800 inevincibile,
908 3724 1073 3809 appetere
1091 3734 1165 3781 non
1178 3723 1361 3781 metueret.
1379 3712 1538 3808 Corpore

471 3824 642 3896 mediocri
658 3841 694 3897 et
712 3826 838 3918 denso,
859 3826 1022 3924 duroque
1042 3825 1286 3898 membrorum
1302 3825 1446 3916 robore,
1467 3851 1535 3898 cer

470 3942 547 4013 vioe
566 3941 766 4034 inflexibili,
794 3941 906 4016 oculis
929 3941 1063 4016 infestis
1088 3959 1194 4042 atque
1226 3943 1391 4041 inquietis
1416 3944 1533 4042 sicque

505 4121 513 4149 ¹
533 4118 707 4170 efficacissime
718 4131 794 4187 atque
804 4120 909 4172 utiliter.
925 4123 949 4170 l.

503 4205 515 4234 ¹
534 4221 561 4253 u.
574 4221 598 4254 c.
612 4199 698 4254 codex.

505 4286 519 4316 ⁸
535 4286 702 4338 matrimonio
722 4289 750 4336 l.
