3417 5392
446 516 505 573 ns
622 468 627 481 ’
816 505 982 565 arcuum
1005 504 1078 565 na.
1098 503 1139 561 u.

445 634 580 722 ruebat,
602 655 645 703 eo
664 628 763 727 quod
777 626 877 699 ducis
889 652 1003 726 nepos
1021 632 1124 727 Hugo
1138 656 1160 701 a
1177 628 1385 729 pontificatu
1403 626 1518 723 abjec-

445 768 500 822 tus
512 747 647 823 ibidem
663 761 874 818 moraretur.
894 750 997 817 lluuc
1010 747 1141 845 itaquel
1152 747 1339 822 infestabat
1358 748 1397 817 in
1414 745 1518 816 ducis

444 864 709 939 contumeliam.
732 866 775 934 At
792 863 921 934 ducem
939 862 986 938 ab
1003 862 1192 939 obsidione
1205 864 1404 937 discessisse
1415 885 1518 934 com·

443 984 605 1083 periens,
628 983 704 1082 ipae
729 1004 875 1078 quoque
898 984 1028 1052 Remos
1044 983 1182 1081 repetit.
1211 980 1416 1070 Quaedam
1432 994 1521 1062 tem·

443 1116 578 1201 pestate
607 1104 726 1188 Bovo,
758 1098 1069 1171 Catalaunensiam
1103 1097 1309 1199 episcopus,
1346 1097 1416 1169 hac
1445 1096 1517 1168 vita

444 1218 604 1291 decessit.
620 1217 685 1289 Cui
698 1216 805 1287 etiam
818 1238 904 1287 nrox
914 1216 1100 1288 successit⁴
1120 1215 1167 1288 ab
1179 1240 1262 1314 rege
1275 1214 1453 1313 Gipuinus
1465 1226 1518 1281 tc-

443 1334 512 1409 tius
523 1335 695 1407 electione
708 1332 804 1421 cleri,
821 1331 1028 1403 adolescens
1040 1332 1211 1431 egregius,
1227 1348 1334 1431 atque
1345 1328 1516 1402 adomno

446 1450 612 1540 artoldo,
645 1453 837 1521 Remorum
859 1449 1158 1547 metropolitano,
1197 1462 1425 1522 consecratur
1446 1446 1520 1543 epi·

446 1592 587 1665 scopus.

942 1870 1013 1923 LXl.

501 2032 584 2099 Post
596 2027 670 2098 haec
683 2052 791 2117 vcro,
813 2053 874 2099 rex
891 2029 929 2101 iu
942 2028 1118 2126 Belgicam
1130 2030 1326 2119 concessit,
1344 2027 1466 2126 ibique
1484 2026 1518 2098 ei

445 2144 647 2235 locuturus,
668 2148 752 2217 Otto
767 2169 829 2215 rex
844 2144 858 2183 ¹
879 2145 1023 2216 obviam
1039 2145 1149 2219 venit.
1165 2150 1215 2215 Ac
1231 2168 1381 2242 quaeque
1400 2168 1519 2215 neces·

445 2260 536 2331 saria
556 2259 780 2349 ordinantes,
805 2260 913 2333 arubo
931 2286 1031 2357 reges
1051 2261 1259 2359 aquisgrani
1271 2260 1408 2331 Pascha
1429 2258 1518 2331 cele·

444 2376 569 2469 brant,
590 2392 696 2474 atque
714 2377 825 2449 multa
842 2379 1038 2451 reverentia
1061 2402 1138 2451 sese
1161 2392 1288 2449 mutuo
1308 2377 1515 2466 honorant,

445 2508 553 2591 atque
570 2493 640 2566 hoc
658 2494 703 2566 ab
722 2498 855 2567 Ottone
867 2496 1041 2594 ampliua3
1061 2519 1083 2567 a
1100 2520 1174 2593 quo
1191 2496 1299 2567 etiam
1316 2495 1518 2567 Ludovicus

444 2612 547 2708 regiis
564 2611 670 2687 donis
683 2610 926 2685 liberalissime
942 2613 1153 2686 bonoratur.

624 2802 761 2855 Lx11.-
772 2804 832 2857 Dux
844 2788 961 2857 urbem*
973 2805 1150 2857 lismensem*
1160 2804 1331 2876 magnast.

495 2936 673 3009 Dumhaec
683 2938 731 3010 ita
741 2962 817 3009 sese
829 2937 1022 3031 baberent,
1034 2939 1107 3011 dux
1122 2938 1168 3011 de
1180 2941 1272 3037 regis
1283 2939 1412 3036 injuria
1421 2938 1517 3038 apud

445 3079 530 3126 suos
540 3054 712 3153 agitabat,
729 3044 1007 3154 oportunitatem
1019 3058 1056 3128 in
1070 3058 1162 3155 regis
1175 3054 1335 3129 absentia
1343 3081 1515 3145 asserens,

444 3196 516 3281 qua
546 3171 673 3244 urbem
704 3175 899 3245 Remorum
927 3176 1070 3273 capiat,
1104 3200 1188 3247 cum
1214 3190 1301 3246 tunc
1329 3172 1414 3245 urbs
1445 3189 1518 3244 tam

444 3290 612 3388 episcopo
637 3314 747 3388 quam
763 3290 934 3363 militibus
954 3316 1067 3364 vacua
1090 3307 1196 3384 esset,
1222 3317 1285 3364 rex
1308 3293 1415 3363 etiam
1442 3292 1517 3390 ipse

443 3404 528 3477 alias
545 3422 738 3505 occupatus
758 3406 826 3479 alia
842 3424 1017 3505 quereret.
1035 3407 1139 3481 Unde
1153 3423 1188 3481 et
1199 3407 1367 3507 possibile
1389 3432 1518 3479 assere·

443 3518 523 3610 bat,
540 3521 632 3593 facili
645 3525 906 3622 expugnatione
925 3524 1050 3597 urbem
1068 3528 1165 3625 capi;
1181 3507 1290 3623 idque
1308 3540 1517 3622 attemptare

444 3658 520 3707 seso
541 3636 737 3734 plurimum
757 3639 860 3710 velle.
886 3640 1025 3727 Quibus
1050 3640 1176 3714 milites
1191 3642 1306 3755 capti,
1329 3641 1365 3711 in
1390 3639 1516 3711 urbem

445 3750 636 3823 mittendas
656 3753 821 3827 cohortes
843 3770 1001 3828 censent.
1018 3761 1110 3845 Quae
1129 3756 1303 3846 colleoae,
1324 3782 1406 3829 cum
1426 3755 1516 3826 duce

443 3867 663 3963 gradiuntur.
690 3868 822 3943 Urbem
846 3888 1040 3972 appetunt,
1067 3889 1104 3947 et
1124 3875 1401 3973 circumquaque
1426 3871 1516 3943 obsi·

441 4110 444 4116 .
478 4076 493 4109 ¹
514 4076 620 4139 urbem,
634 4093 722 4129 ensem
734 4076 785 4141 im,
798 4091 843 4129 nat
854 4079 958 4129 absona.

481 4165 499 4207 ¹·
509 4164 664 4226 s.,donatus
678 4186 731 4218 eoa
739 4169 793 4233 jam
811 4168 901 4219 deleta.
1016 4215 1019 4228 ,

478 4251 489 4282 ¹
508 4270 531 4302 r.
544 4252 650 4321 belgicae
663 4251 752 4303 deleta.
