3417 5392
822 530 986 593 atenttttl
1009 528 1084 593 tta.
1107 530 1149 589 ΙΙ.

500 1306 583 1359 XLV.
596 1336 632 1347 —
641 1306 700 1357 Dux
711 1302 787 1375 regi*
798 1322 846 1375 per
857 1301 954 1373 legatos
965 1300 1079 1356 suadet*
1089 1316 1118 1356 nt
1131 1300 1188 1356 ab*
1199 1296 1361 1357 obsidione*
1368 1298 1496 1359 disoednt.

513 1487 593 1553 Dux
606 1505 759 1578 namque
777 1482 814 1551 in
832 1482 910 1579 ipsa
927 1479 1114 1556 obsidione
1132 1506 1197 1580 per
1213 1482 1347 1578 legatos
1360 1483 1473 1579 petiit,
1494 1498 1534 1553 ut

467 1596 683 1694 Ragenaldus
700 1621 834 1687 comes,
851 1597 1000 1696 sumptis
1017 1621 1127 1668 asese
1138 1595 1337 1686 obsidibus,
1350 1595 1534 1667 locuturus

465 1714 531 1785 sibi
549 1728 721 1785 occurrat.
753 1712 861 1800 Quod
886 1728 923 1784 et
948 1711 1025 1783 lteri
1051 1711 1097 1783 ab
1121 1738 1203 1809 rege
1228 1737 1439 1785 concessum
1465 1726 1529 1783 est.

465 1833 627 1903 Direotus
652 1830 777 1928 itaque
797 1828 865 1899 sub
895 1827 1062 1899 obsidum
1088 1828 1169 1924 jure
1194 1828 1241 1899 ad
1268 1828 1395 1899 ducem
1420 1828 1530 1900 venit.

467 1947 570 2045 Apud
588 1971 696 2044 quem
711 1944 787 2049 ¹dux
810 1944 874 2015 diu
899 1942 1111 2035 deliberans,
1140 1944 1286 2015 tandem
1313 1945 1394 2041 agit,
1415 1958 1457 2015 ut
1474 1970 1534 2015 rex

467 2061 512 2133 ab
531 2062 698 2161 episcopo
713 2075 748 2131 et
768 2059 913 2131 urbanis
931 2058 1073 2131 obsides
1093 2061 1280 2158 accipiens,
1295 2060 1342 2131 ab
1354 2058 1452 2131 urbis
1470 2085 1534 2159 op-

467 2176 682 2275 pugnatione
701 2173 873 2266 discedat‚
899 2176 1066 2272 quatinus
1086 2202 1314 2274 quocumque
1336 2192 1372 2249 et
1388 2176 1535 2273 quando

467 2319 529 2363 rex
546 2293 641 2381 velit,
662 2290 759 2362 idem
772 2290 961 2388 episcopus
973 2292 1150 2363 rationem
1162 2292 1364 2365 redditurus
1376 2293 1531 2366 accedat.

469 2407 689 2505 Ragenaldus
705 2407 804 2478 ducis
820 2407 982 2479 animum
994 2408 1069 2509 regi
1080 2407 1274 2506 perferens,
1295 2435 1336 2481 ac
1348 2409 1536 2481 consilium

468 2522 683 2623 approbans,
710 2521 747 2593 id
776 2520 853 2592 fieri
882 2521 1064 2593 suadebat.
1101 2523 1364 2622 Obsidibusque
1388 2526 1538 2622 sumptis

469 2640 620 2729 idoneis,
641 2662 702 2710 rex
715 2636 942 2717 obsidionem
955 2638 1093 2710 decima
1110 2642 1235 2738 quinta
1250 2640 1308 2712 die
1321 2639 1438 2731 solvit,
1451 2656 1538 2713 tern-

469 2781 607 2853 pusque
624 2754 808 2825 audiendae
828 2754 992 2825 rationis*
1011 2770 1094 2853 post
1107 2756 1183 2828 dies
1195 2756 1448 2853 quadraginta,
1470 2755 1537 2827 sub

471 2871 546 2966 ipsa
567 2868 807 2941 Kalendarum
824 2868 995 2941 luliarum
1013 2870 1093 2961 die,
1119 2874 1311 2943 constituit.
1344 2872 1427 2943 Aliis
1451 2898 1535 2969 ergo

471 2986 612 3057 interim
626 2987 767 3075 curatis,
783 2986 859 3059 dies
869 2985 1027 3095 habendi
1044 2986 1212 3085 colloquii
1230 2988 1394 3078 advenit;
1415 3004 1451 3060 et
1464 2987 1537 3061 dux

472 3102 518 3173 de
529 3102 709 3205 superiore
728 3102 873 3199 negotio
886 3090 1081 3193 locuturus,
1103 3103 1231 3177 obvius
1247 3104 1321 3202 regi
1338 3104 1448 3177 affilit.
1470 3110 1537 3178 De·

472 3218 629 3291 clamatis
651 3234 769 3291 autem
789 3244 915 3291 eorum
937 3218 1063 3309 causis,
1079 3221 1138 3291 vix
1157 3218 1223 3294 sibi
1242 3219 1533 3312 consentiebant3

472 3334 737 3433 rationibusque
765 3358 840 3408 non
865 3336 947 3407 satis
966 3335 1096 3407 utiliter
1117 3336 1410 3434 procedentibus,
1448 3336 1535 3407 nihil

472 3452 549 3549 paci
576 3450 808 3523 commodum
835 3452 1066 3523 constitutum
1094 3467 1167 3543 est,
1192 3468 1319 3551 praeter
1346 3452 1446 3551 quod
1469 3452 1535 3524 sub

470 3591 558 3665 pace
589 3582 766 3665 sequestra
792 3566 973 3664 usquead
997 3568 1157 3641 medium
1187 3570 1332 3666 Augusti
1361 3571 1534 3643 rationem

472 3681 648 3755 distulere.

506 3918 521 3951 '¹
539 3919 594 3988 egi,
607 3936 651 3985 su,
666 3920 714 3983 ab,
726 3939 759 3973 ne
771 3922 874 3973 abscisa.

507 4004 515 4032 ¹
536 4003 570 4055 ati
582 4001 694 4056 deletum.
