3417 5392
494 533 554 600 ttt
876 533 1043 598 tttcttttttt
1065 536 1140 598 ΠΒ.
1165 534 1191 595 t.

491 668 625 748 equum
647 650 825 724 ferebotm
843 653 975 728 habere
992 677 1172 729 annornm
1190 655 1271 755 plus
1290 681 1399 754 qoam
1418 672 1559 730 centnm

491 771 528 837 et
543 765 663 840 adhuc
685 783 763 840 toto
786 793 938 870 conpote
957 771 1234 863 validissimum,
1257 773 1329 870 tegi
1352 772 1560 846 militatunts

492 884 669 974 occunit,
689 907 732 958 ac
747 887 939 984 ptovinciae
956 889 1208 986 procuratione
1225 887 1377 979 reddito,
1399 915 1463 962 rex
1480 884 1560 961 libe·

493 999 613 1073 taliter
626 1000 794 1094 tetididit,
813 1018 921 1104 atque
938 1027 959 1078 a
976 1027 1015 1076 se
1031 1005 1222 1105 ptincipari
1241 1006 1426 1078 concessit.

752 1749 990 1804 exn-Tum
1005 1749 1160 1807 melorum*
1175 1746 1307 1820 prodigia.

546 1923 621 1993 Hac
636 1943 782 2020 quoque
800 1935 1026 2020 tempestate,
1045 1921 1156 2017 igneae
1179 1918 1297 1990 Remis
1315 1919 1353 1988 in
1366 1917 1457 1990 coelo
1475 1919 1569 2010 acies

498 2035 601 2129 visae,
616 2050 652 2110 et
663 2037 815 2110 flammoe
825 2036 1043 2134 sanguineae,
1058 2036 1158 2134 quasi
1166 2035 1284 2132 jacula
1301 2049 1362 2108 aut
1375 2048 1568 2132 serpentes,

499 2151 708 2226 discumete.
730 2156 814 2226 Mox
832 2175 977 2249 quoque
990 2151 1097 2224 subiit
1112 2153 1120 2188 ⁴
1140 2166 1175 2223 et
1192 2152 1319 2250 pestis,
1334 2150 1475 2249 papulis
1497 2175 1570 2246 ery-

499 2269 645 2369 sipilatis
671 2270 879 2341 innumems
903 2293 1066 2342 enecans.
1093 2273 1166 2342 Nec
1187 2268 1300 2340 multo
1323 2283 1405 2367 post
1423 2282 1459 2339 et
1483 2269 1572 2364 regis

500 2383 659 2456 desectus
674 2384 894 2457 subsecutus.
910 2389 1096 2458 Nemeum
1114 2385 1310 2460 autumnali
1327 2399 1490 2483 tempore
1504 2407 1573 2456 me·

501 2498 654 2572 lancolia
677 2502 717 2572 in
742 2499 957 2600 patientibus
982 2501 1215 2593 mdundaret,
1245 2501 1447 2590 cacocexia,
1473 2501 1570 2599 qnod

502 2616 617 2690 Latini
639 2616 770 2690 molam
793 2619 955 2716 corporis
971 2617 1219 2692 habitudinem
1235 2616 1381 2707 dicunt,
1409 2631 1489 2689 toto
1513 2641 1571 2688 au·

504 2749 631 2806 tumno
644 2733 810 2807 detentus
827 2749 893 2806 est.
910 2735 1103 2832 victusque
1125 2733 1288 2808 humoris
1306 2733 1567 2831 superfluitate,

504 2849 650 2941 defecit,
680 2849 937 2950 hominemque
965 2851 1083 2922 exivit.
1111 2853 1151 2921 In
1180 2849 1323 2922 basilica
1352 2865 1480 2920 sanctae
1508 2853 1570 2920 Co

505 2965 634 3039 lumbe
658 2967 802 3064 vinginis
819 2966 916 3065 apud
940 2969 1099 3039 Senonas
1127 2965 1240 3038 multa
1262 2966 1459 3052 amicorum
1482 2967 1572 3036 attii·

505 3084 625 3176 tione,
642 3108 860 3180 suorumque
878 3083 1051 3182 obsequio
1073 3081 1280 3154 tumulatur.
1305 3087 1359 3156 De
1382 3083 1480 3178 regni
1502 3106 1572 3152 am-

505 3201 762 3272 ministratione
785 3199 874 3271 nihil
898 3199 1092 3302 disposuit;
1116 3213 1153 3271 at
1169 3198 1378 3299 primatibus
1399 3221 1478 3269 eam
1498 3195 1574 3268 reli·

504 3318 598 3414 quit,
632 3342 677 3389 eo
706 3315 806 3413 quod
842 3315 934 3391 filios
964 3343 1040 3390 non
1069 3315 1257 3407 habueiit,
1292 3316 1355 3414 qui
1383 3337 1574 3412 regnorum

504 3459 626 3508 serum
641 3434 853 3532 potirentur.
1312 3415 1317 3425 ¹

539 3628 702 3692 Ἰοαὼοὺ.

507 3763 512 3776 ,
542 3711 795 3766 tentes-oute
