3417 5392
486 566 545 628 164
850 563 1013 624 lthHEill
1039 561 1111 623 LlB.
1137 561 1178 621 ll.

483 773 614 826 xxvllt.
624 771 725 823 -ch
735 789 782 842 per
795 771 939 841 liutgerum
950 770 1071 822 comitem
1087 766 1243 820 Wilelmum
1256 765 1350 820 ducem
1357 767 1406 820 sibi
1418 767 1549 820 conciliat.

533 931 672 1002 Etenim
694 953 755 1001 rex
772 929 953 1001 bonorum
977 953 1061 998 usus
1079 927 1239 1018 consili0,
1261 929 1482 1026 Rotgarium,
1505 930 1552 998 vi·

484 1065 566 1117 rum
584 1045 731 1135 clarum,
748 1044 914 1116 Wilelmo
924 1058 1128 1142 pyratarum
1139 1043 1290 1143 principi
1307 1069 1373 1142 pro
1397 1071 1434 1116 se
1451 1043 1551 1116 locu·

485 1178 605 1234 turum
622 1162 759 1233 direxit.
781 1161 851 1248 Qui
865 1159 960 1259 apud
982 1184 1065 1231 eum
1085 1186 1151 1258 pro
1166 1187 1246 1258 rege
1264 1162 1398 1259 optime
1411 1161 1552 1232 functus

488 1279 675 1377 legatione,
691 1278 740 1350 ibi
751 1277 857 1349 rebus
868 1271 1033 1348 humanis
1045 1277 1202 1348 excessit.
1225 1281 1313 1348 Ante
1325 1293 1443 1348 tamen
1457 1279 1553 1377 prin·

486 1398 554 1496 cipi
577 1395 756 1493 usquead
781 1391 943 1466 effectum
969 1395 1087 1465 suasit.
1124 1397 1212 1465 Nam
1234 1419 1309 1464 non
1332 1393 1444 1464 multo
1471 1410 1552 1491 post

484 1538 632 1584 suorum
643 1511 816 1608 legatione
835 1534 952 1607 regem
964 1507 1112 1582 fideliter
1123 1510 1279 1599 accersit,
1295 1525 1553 1608 exceptumque

486 1628 657 1718 Rodomi,
689 1625 889 1724 ingentibus
926 1625 1031 1696 donis
1066 1625 1268 1722 dignissime
1289 1625 1296 1662 ⁴
1339 1624 1549 1696 accumulat.

487 1743 590 1815 Unde
607 1759 643 1814 et
655 1743 787 1814 factum
800 1756 864 1830 est,
882 1755 921 1813 ut
939 1740 997 1811 alii
1008 1740 1092 1812 hinc
1111 1741 1352 1830 formidantes,
1369 1743 1415 1813 ad
1433 1769 1553 1840 regem

487 1860 727 1956 tempestivius
745 1883 821 1929 sese
838 1856 1064 1928 contulerint.
1087 1855 1272 1928 Wilelmus
1286 1858 1403 1954 itaque
1417 1860 1554 1955 Aquita·

486 2001 617 2046 norum
636 1974 721 2063 dux,
750 1973 1084 2069 Brittannorumque
1108 1971 1248 2062 Alanus,
1273 1974 1402 2072 piratas
1421 1977 1554 2073 regiam

486 2118 562 2163 rem
585 2116 709 2162 curare
729 2089 998 2187 comperientes,
1024 2112 1203 2159 accessum
1223 2105 1412 2182 maturant,
1437 2117 1553 2190 regem

486 2207 632 2296 adeunt,
657 2221 763 2302 atque
789 2203 860 2275 fide
886 2205 980 2302 pacti
1008 2203 1174 2275 miliciam
1195 2205 1326 2300 jurant.
1354 2208 1414 2278 His
1437 2210 1554 2306 itaque

487 2347 548 2392 rex
569 2320 737 2408 collectis,
766 2318 941 2416 predictis
968 2319 1142 2390 tirannis²
1168 2345 1268 2392 secus
1288 2321 1435 2394 fluvium
1463 2331 1554 2399 lsara

487 2437 670 2510 locuturus
687 2434 860 2535 procedit.
891 2436 1034 2508 Tiranni
1053 2436 1188 2533 regium
1206 2438 1399 2534 equitatum
1419 2466 1555 2540 suspeo

488 2570 565 2626 tum
581 2553 763 2642 habentes,
780 2565 1037 2649 praevenerunt,
1059 2567 1164 2649 atque
1182 2568 1309 2650 pontes
1324 2557 1556 2655 praecipitave-

489 2685 585 2760 runt,
606 2695 713 2740 naves
739 2669 1014 2764 circumquaque
1035 2668 1071 2738 in
1101 2667 1197 2740 aliud
1222 2669 1303 2741 litus
1321 2671 1552 2764 abducentes;

490 2787 611 2882 sicque
624 2810 706 2856 cum
720 2784 791 2855 suis
803 2785 839 2854 in
853 2783 1002 2854 adverso
1016 2785 1170 2856 fluminis
1188 2784 1290 2857 litore
1303 2789 1552 2882 consederunt.

490 2903 636 2974 Duabus
654 2916 793 2973 tantum
811 2901 981 2973 naviculis
1002 2901 1085 2972 hinc
1113 2901 1195 2974 inde
1212 2905 1474 2994 cursitantibus
1495 2935 1557 3007 per

492 3019 728 3090 internuntios
751 3018 992 3089 controversia
1012 3019 1104 3089 inter
1130 3018 1208 3090 illos
1230 3022 1356 3117 agitata
1378 3039 1443 3094 est.
1471 3029 1557 3096 Tan-

492 3133 575 3204 dem
587 3133 653 3205 sub
666 3159 753 3232 pace
766 3149 946 3231 sequestra
959 3131 1125 3208 obsidum
1139 3137 1218 3234 jure
1229 3163 1250 3210 a
1268 3165 1343 3212 sese
1356 3141 1552 3215 discedunt.

492 3337 596 3390 mx.
616 3366 653 3378 —
671 3335 821 3389 ludovicus
841 3349 867 3388 et
885 3335 948 3390 Otto
967 3355 1039 3408 reges
1061 3339 1089 3390 in
1105 3340 1251 3395 amiciciam
1268 3345 1444 3415 convuriunt,
1464 3366 1495 3401 uc
1513 3368 1558 3420 per

914 3419 1039 3474 Ottonem
1054 3422 1140 3493 Ilugo.

544 3579 615 3645 Rex
625 3571 843 3669 principibus
862 3571 898 3641 in
913 3569 1000 3668 pace
1022 3573 1184 3664 dimissis,
1201 3599 1283 3648 cum
1300 3582 1423 3677 paucis
1440 3583 1507 3654 iter
1523 3585 1558 3654 in

496 3690 668 3786 Belgicam
690 3702 885 3784 retorquet,
916 3690 1040 3760 Ottoni
1062 3689 1162 3786 cujus
1186 3715 1345 3764 sororem
1371 3697 1557 3794 conjugem

494 3807 561 3880 sibi
575 3804 767 3892 addixerat,
782 3803 829 3874 ad
841 3804 1063 3901 loquendum
1082 3805 1287 3880 obveniens.
1305 3813 1470 3896 Quorum
1481 3839 1559 3886 con·

495 3925 572 3996 silio
593 3919 702 3991 multa
713 3919 906 3990 concordia
920 3919 1073 4008 firmam,
1094 3923 1282 3995 amicitiam
1295 3941 1421 3998 mutuo
1442 3929 1558 4001 condi·
1673 3941 1674 3952 ³

495 4038 651 4114 tionibus
669 4050 837 4109 statuunt.
861 4041 909 4107 Ac
922 4036 993 4108 fine
1007 4038 1137 4132 negotii
1150 4039 1253 4130 sacto,
1275 4067 1335 4112 rex
1348 4044 1557 4117 laudunum

529 4235 538 4266 ⁸
556 4228 740 4286 humanissime
754 4230 779 4278 l.
920 4287 921 4290 Ἴ

530 4319 543 4350 ⁸
561 4315 666 4387 Hugoni
677 4327 703 4366 et
713 4311 850 4364 Heriberto
862 4311 953 4378 glossa.
1024 4389 1029 4402 ι
