3417 5392
458 565 517 619 112
823 557 987 618 nlcnssnl
1011 557 1083 616 LlB.
1111 559 1135 615 l.

454 1047 540 1097 an.
553 1046 688 1116 —Captio
705 1045 843 1096 bovonis*
861 1043 1020 1096 (latalaunici
1031 1047 1045 1076 '⁸
1062 1043 1175 1114 episcopi
1191 1043 1384 1113 Lauduuiquc*
1402 1047 1506 1098 castri'.

503 1209 589 1291 Quae
607 1203 694 1273 dum
712 1215 927 1300 gererentur,
950 1205 1046 1270 Bovo
1067 1199 1371 1271 Catalaunensium
1384 1203 1511 1297 episco-

455 1347 542 1419 pus,
569 1320 710 1390 fortuita
735 1318 977 1415 peragratione
1002 1340 1023 1385 a
1050 1316 1150 1411 regiis
1186 1316 1409 1414 stipatoribus
1435 1341 1512 1416 cap·

456 1450 527 1522 tus,
550 1459 593 1503 eo
618 1432 715 1530 quod
741 1446 775 1501 et
797 1432 871 1528 ipse
888 1429 1047 1500 desertor
1064 1429 1109 1500 ab
1130 1454 1210 1526 rege
1227 1430 1419 1518 defecerat,
1444 1434 1512 1528 regi

456 1551 594 1622 oblatus
605 1565 668 1621 est.
686 1551 755 1635 Qui
770 1548 865 1646 apud
880 1543 1253 1645 regem,'prodentibus
1264 1550 1317 1621 sui
1336 1549 1416 1618 sacti
1435 1574 1514 1619 con·

456 1667 551 1752 sciis,
570 1666 754 1748 convietus
767 1665 794 1751 ⁴,
812 1662 986 1758 ergastulo
1001 1663 1231 1760 mancipatur.
1253 1668 1334 1749 Quo
1352 1679 1511 1761 peracta,

456 1807 477 1852 a
494 1782 648 1878 pernicie
662 1780 832 1851 Heriberti
845 1803 920 1850 non
932 1778 1117 1868 desistens,
1140 1784 1287 1875 Hugone
1296 1782 1422 1866 ascite,
1436 1804 1514 1850 cum

457 1912 539 1966 octo
562 1895 702 1966 milibus
726 1896 938 1967 Laudunum
961 1897 1103 1993 appetit.
1127 1895 1194 1966 Ubi
1213 1921 1295 1965 cum
1318 1896 1516 1968 Heribertus

459 2014 569 2084 multa
586 2013 773 2096 obsidione
793 2028 986 2109 urgeretur,
1010 2013 1212 2108 egrediendi
1234 2013 1354 2083 locum
1373 2013 1419 2083 ab
1438 2040 1517 2110 rege

458 2131 631 2234 postulat,
653 2156 696 2200 eo
719 2130 818 2226 quod
845 2130 964 2227 copias
994 2129 1145 2199 militurn
1171 2127 1402 2226 ciborumque
1428 2121 1519 2200 suffi-

459 2249 590 2317 cientes
599 2271 672 2316 non
685 2246 841 2316 baberet.
864 2249 944 2330 Quo
957 2244 1002 2314 ab
1015 2269 1095 2339 rege
1110 2243 1274 2332 obtenta,
1296 2269 1378 2314 cum
1391 2247 1462 2315 suis
1476 2247 1519 2315 ab

460 2361 547 2431 urbe
572 2362 692 2450 exivit;
718 2385 864 2430 uxorem
891 2362 927 2446 in
955 2385 1033 2430 arce
1059 2385 1166 2456 quam
1189 2375 1402 2430 exstruxerat
1421 2361 1519 2431 relin-

460 2503 587 2574 quens,
604 2477 687 2547 curn
698 2478 808 2574 copiis
822 2502 896 2547 sese
910 2476 1164 2547 subventurum
1182 2478 1217 2547 in
1236 2479 1397 2575 proximo
1410 2493 1517 2549 ratus.

462 2598 531 2671 Rex
558 2619 705 2664 vacuam
731 2593 857 2663 urbem
882 2595 1074 2688 ingressus,
1096 2573 1267 2690 ddlosque
1297 2595 1436 2692 penitus
1462 2595 1521 2664 ad-

461 2726 617 2799 vertenS,
638 2736 754 2782 arcem
773 2711 939 2780 diuturna
959 2713 1217 2808 expugnatione
1235 2727 1351 2799 verat,
1373 2737 1521 2809 eamque

461 2828 735 2923 circumquaque
747 2827 868 2916 vallat,
886 2853 925 2898 ac
941 2852 1084 2897 ornnem
1098 2828 1299 2923 egrediendi
1313 2829 1448 2900 aditum
1463 2831 1522 2901 ob

463 2943 594 3032 eludit3
629 2969 784 3040 pugnarn
815 2944 950 3014 diutina
982 2946 1227 3040 congressione
1258 2945 1440 3018 adhibens.
1483 2953 1523 3018 At

463 3073 561 3128 tanto
581 3059 770 3129 certamine
788 3061 878 3129 vires
896 3060 1316 3158 resistentiumimpares,
1339 3063 1444 3132 armis
1463 3061 1523 3132 de·

462 3175 585 3271 positis
607 3174 757 3263 cedunt,
782 3199 823 3244 ac
850 3201 916 3272 pro
943 3176 1012 3244 vita
1037 3175 1245 3273 supplicant.
1270 3178 1409 3247 Tiranni
1437 3203 1522 3248 vero

464 3313 552 3358 uxor
568 3289 672 3358 simul
689 3291 799 3379 victa,
816 3315 933 3387 prose
952 3291 1121 3387 petitura,
1143 3291 1189 3361 ad
1210 3317 1326 3388 regem
1348 3317 1430 3362 curn
1452 3295 1523 3363 suis

462 3421 647 3501 properat,
664 3429 781 3490 arcem
795 3405 947 3476 reddens
960 3461 967 3494 ,
983 3433 1023 3476 ao
1037 3406 1239 3506 egrediendi
1253 3423 1389 3479 tantum
1402 3409 1522 3479 locum

464 3537 596 3618 petens.
627 3525 697 3592 nex
721 3547 805 3594 vero
833 3522 1000 3594 feminam
1026 3526 1177 3595 retinere
1202 3525 1409 3621 dedignans,
1440 3551 1522 3596 curn

463 3639 533 3707 suis
557 3638 691 3734 digredi
714 3642 888 3736 permisit,
919 3666 959 3710 ac
977 3665 1093 3711 arcem
1115 3641 1239 3712 exinde
1257 3668 1338 3712 curn
1358 3643 1446 3714 urbe
1465 3643 1525 3712 ob

462 3768 574 3823 trnurt.

497 3931 511 3961 ¹¹
532 3931 584 3995 Bo,
601 3932 661 3994 uni,
672 3933 744 3995 Lau,
753 3934 830 3985 castri
841 3953 871 3982 ex
887 3939 986 4002 conject.

500 4015 506 4042 ¹
527 4014 713 4066 rationabiliter
725 4017 857 4067 convictus
871 4020 895 4067 i.
