3417 5392
474 555 533 610 170
839 547 1005 611 lllCllElil
1028 547 1102 610 LlB.
1126 549 1170 608 ll.

471 671 554 758 bat,
575 693 659 740 cum
677 694 719 741 ea
736 671 870 743 facilius
883 671 929 743 ad
947 695 1008 742 eos
1024 669 1210 769 pervenire
1227 668 1360 758 valeat3
1377 674 1537 768 namqui

470 785 537 858 sibi
563 786 636 883 regi
663 810 737 858 non
764 787 929 878 indulsit,
959 788 1076 858 nunus
1101 785 1169 856 illis
1191 785 1424 856 indulturum.
1453 791 1539 874 Quae

471 905 604 992 oratio,
638 903 829 1001 plurimam
860 903 1043 975 invidiam·
1061 903 1218 1001 paravit,
1260 926 1301 972 ac
1336 903 1470 974 amicos
1503 906 1538 975 in

472 1019 595 1090 odium
613 1019 771 1092 Wilelmi
788 1021 967 1110 incitavit,
989 1004 1127 1091 cum'et
1138 1019 1205 1118 ipsi
1218 1021 1380 1116 quamvis
1393 1018 1542 1092 latenter

473 1137 505 1206 ei
523 1136 719 1209 admodum
736 1137 946 1209 inviderent.
970 1141 1055 1209 Otto
1073 1162 1135 1208 rex
1156 1136 1203 1208 ad
1221 1160 1284 1207 sua
1302 1133 1417 1209 rediit.

553 1333 671 1387 xxxo.
683 1365 719 1375 -
730 1335 889 1388 Delibmtio
900 1335 1017 1406 lingonis
1028 1347 1054 1388 et
1066 1334 1169 1386 Amulli
1181 1333 1214 1386 de
1234 1345 1317 1386 morte
1328 1331 1458 1386 Wilelmi.

524 1484 626 1575 Hugo
650 1494 685 1551 et
709 1480 873 1551 lmulfm
891 1480 977 1577 quid
996 1480 1121 1551 facturi
1138 1476 1305 1550 Wilelmo
1326 1491 1443 1548 essent
1464 1475 1546 1547 deli·

475 1593 659 1666 berabant.
676 1596 712 1665 Si
727 1621 810 1666 eum
823 1596 941 1693 gladio
955 1596 1141 1685 occidant,
1162 1594 1208 1667 ad
1231 1594 1351 1666 omnia
1373 1617 1448 1664 sese
1471 1591 1546 1664 fieri

477 1710 710 1809 expeditiores
742 1711 895 1783 aiebant.
928 1716 1056 1809 Regem
1083 1713 1189 1782 etiam
1215 1708 1261 1780 ad
1294 1708 1546 1805 quodcumque

479 1823 600 1897 volent
617 1825 751 1897 facilius
763 1828 975 1918 inflexuros,
996 1829 1026 1899 si
1045 1830 1074 1898 is
1092 1827 1207 1899 solum
1229 1839 1371 1924 pereat,
1395 1850 1468 1921 quo
1487 1848 1546 1895 rex

478 1939 587 2011 frctus
599 1940 646 2011 ad
651 1965 799 2039 quaeque
814 1943 907 2014 flecti
918 1957 1083 2042 nequeat.
1100 1944 1136 2013 si
1149 1957 1268 2015 autem
1281 1966 1355 2013 non
1368 1939 1544 2030 occidant,

479 2055 673 2128 discordias
698 2074 803 2155 atque
827 2057 905 2130 lites
928 2061 1002 2132 sine
1028 2060 1139 2131 dubio
1163 2074 1414 2158 proventuras,
1435 2055 1547 2128 achis

480 2175 666 2245 occasione
684 2199 838 2264 emersa,
861 2175 1056 2248 multorum
1076 2191 1227 2273 stragem
1245 2174 1410 2245 futuram.
1428 2177 1472 2244 At
1488 2173 1549 2243 ho·

481 2314 562 2360 rum
585 2305 776 2387 utrumque
801 2292 1041 2389 perniciosum
1064 2291 1275 2380 censebant,
1296 2315 1378 2361 cum
1402 2291 1441 2360 in
1461 2291 1549 2359 occi·

480 2405 580 2476 sione
602 2404 787 2476 homicidii
809 2422 926 2478 reatus
945 2407 1182 2497 redundaret,
1205 2408 1295 2478 etin
1315 2405 1549 2476 reservatione

480 2520 627 2592 tirannis
651 2520 769 2592 futura
794 2538 991 2620 appareret.
1018 2527 1071 2596 De
1097 2525 1275 2596 occisione
1306 2521 1451 2612 tandem
1475 2546 1551 2618 per-

472 2638 590 2726 suasi,
612 2653 815 2734 patraturos
832 2639 968 2719 facinus
980 2642 1197 2732 accersiunt,
1217 2642 1291 2712 vim
1303 2639 1436 2735 negotii
1447 2637 1551 2736 expli·

481 2763 619 2856 cantes,
647 2769 753 2850 atque
777 2754 813 2824 in
832 2754 1040 2827 Wilelmum
1062 2759 1248 2854 conjurare
1273 2755 1415 2828 faciunt.
1444 2754 1551 2850 Cujus

482 2868 735 2940 interfectionis
753 2871 860 2941 series
889 2895 973 2942 mox
998 2874 1094 2971 apud
1112 2875 1315 2971 conjuratos
1333 2874 1381 2943 ita
1398 2871 1553 2970 disponi·

485 3000 560 3055 tur:
577 3001 618 3056 ut
630 2985 676 3056 ab
690 2987 835 3058 Arnulfo
849 2987 954 3085 legati
967 2990 1201 3080 mitterentur,
1217 2991 1278 3088 qui
1292 3013 1357 3088 pro
1371 2987 1552 3085 colloquio

485 3100 596 3172 multa
609 3103 814 3174 necessitate
824 3104 863 3174 in
880 3106 1044 3203 proximo
1058 3105 1224 3179 habendo
1236 3105 1332 3205 apud
1345 3105 1553 3176 Wilelmum

485 3217 614 3291 idonee
631 3219 805 3316 legatione
825 3220 1073 3319 fungerentur3
1090 3223 1135 3294 de
1154 3238 1314 3321 tempore
1332 3236 1551 3320 quaererent,

488 3334 633 3432 quando
667 3335 734 3406 sibi
768 3335 1033 3409 obveniendum
1063 3338 1170 3428 loret3
1201 3338 1320 3410 locum
1346 3361 1432 3408 vero
1458 3359 1559 3406 secus

487 3451 636 3523 fluvium
654 3454 839 3524 Summam
850 3469 1031 3551 peterent,
1049 3480 1122 3552 quo
1136 3455 1210 3554 ipse
1224 3479 1244 3525 a
1258 3469 1350 3525 terra
1361 3477 1425 3524 sua
1439 3450 1559 3548 egredi

487 3584 522 3639 et
553 3559 783 3641 collocuturis
812 3569 983 3642 obvenire
1019 3571 1234 3668 dignaretur.
1267 3570 1338 3656 Qui
1368 3571 1558 3665 postquam

487 3683 686 3773 adveniret,
722 3673 771 3756 et'
787 3683 832 3756 ab
861 3687 982 3758 amicis
1008 3704 1174 3787 exceptus
1201 3702 1308 3774 esset,
1338 3684 1559 3756 deamicitia
1678 3753 1679 3758 ,

487 3800 699 3898 plurimum,
720 3799 874 3871 multum
887 3803 994 3875 etiam
1007 3802 1052 3872 de
1065 3803 1135 3874 fide
1148 3817 1402 3901 proponerent.
1421 3806 1467 3871 Et
1478 3802 1558 3898 quia
1678 3789 1679 3800 ¹

489 3932 574 3989 tunc
592 3919 664 3988 suis
682 3918 829 4015 stipatus
847 3915 993 4014 pervadi
1011 3942 1086 3989 non
1109 3933 1248 4017 posset,
1270 3918 1359 3989 ictus
1377 3917 1559 3988 differren-

488 4050 566 4126 tur,
588 4034 705 4106 donec
723 4035 843 4105 navim
860 4049 1053 4132 repeteret,
1076 4035 1104 4104 si
1127 4033 1216 4105 forte
1235 4035 1374 4130 navigio
1397 4058 1481 4103 eum
1502 4031 1560 4102 ad·

489 4153 625 4224 venisse
634 4151 865 4248 contingeret.
878 4153 1038 4248 Cumque
1048 4151 1122 4246 jam
1137 4151 1315 4247 navigaret
1327 4176 1390 4248 per
1399 4148 1557 4248 pelagus,

488 4297 551 4366 per
565 4271 768 4365 conjuratos
782 4267 895 4339 multo
911 4269 1064 4340 clamore
1079 4283 1319 4356 revocaretur,
1341 4268 1412 4338 acsi
1425 4265 1561 4363 aliquid
1678 4267 1679 4326 l
