3417 5392
457 559 499 618 60
833 551 1001 612 iilCHEiii
1026 549 1103 612 LIB.
1129 553 1156 612 1.

462 707 481 745 «
501 673 711 772 dignitatem
723 673 922 764 demittam,
939 675 1106 748 virtutem
1125 689 1222 746 tuam
1239 689 1416 774 expertus.
1434 675 1538 770 Equi·

449 798 481 863 'a
502 775 586 866 deni
606 791 790 867 decretum
808 791 897 864 mihi
915 791 1047 880 fluerat,
1069 790 1226 890 ingenio,
1247 790 1411 882 consilio,
1432 793 1540 862 armis
1675 869 1676 895 ,

463 941 481 978 α
503 908 550 982 ab
566 933 613 982 eo
636 907 815 982 recedere.
836 937 855 975 υ
893 913 1084 981 Persuasus
1107 908 1226 1006 itaque
1247 933 1312 1008 per
1338 907 1542 1007 metropoli·
1672 934 1676 943 ·

462 1043 608 1115 tanum,
633 1024 843 1098 Heinricua'
884 1026 957 1122 regi
983 1023 1192 1114 deducitur,
1221 1023 1406 1124 multoque
1432 1023 1542 1096 ambi·

462 1145 571 1218 tionis
594 1143 736 1214 bonore
762 1157 845 1214 ante
871 1141 1082 1230 admittitur,
1104 1165 1146 1213 ac
1170 1139 1277 1229 ambo
1296 1141 1333 1214 in
1352 1141 1542 1213 amicitiam

463 1261 680 1336 federantur.

958 1353 1036 1408 XXV
1041 1393 1047 1406 .

514 1484 654 1580 Quibus
686 1489 791 1588 gestis
818 1487 1021 1561 Hulduinus
1046 1490 1306 1588 Tungrensium
1336 1453 1541 1587 episcopus,

465 1633 551 1682 cum
569 1609 612 1680 iis
627 1607 699 1715 qui
717 1605 764 1680 ab
781 1629 864 1704 rege
882 1603 1085 1678 defecerant
1107 1606 1329 1704 conspirasse
1346 1603 1408 1676 in¹
1427 1627 1545 1702 regem
1682 1635 1683 1716 q

465 1721 704 1814 insirnulatus,
718 1721 866 1821 regique
878 1720 1051 1813 infensus,
1067 1719 1113 1793 ab'
1126 1745 1170 1794 eo
1184 1720 1460 1794 insectabatur&
1482 1724 1546 1792 Cu·

465 1842 524 1938 jus
537 1838 675 1912 odiivis
687 1862 732 1913 eo
745 1863 860 1938 usque
873 1839 1049 1940 peruenit,
1065 1837 1547 1929 utuichemm‚1>rumiensis

469 1956 677 2030 monasterii
702 1954 882 2048 abbatem,
899 1968 1144 2053 promoveret,
1165 1968 1201 2027 et
1219 1953 1428 2026 Hilduinum
1452 1951 1549 2024 abdi
1683 1957 1684 1984 i

469 2090 579 2147 caret.
601 2078 645 2146 At
664 2071 836 2145 Richcrus
848 2069 896 2144 ab
908 2096 991 2171 rege
1009 2073 1182 2163 donatus,
1203 2096 1287 2150 cum
1308 2070 1354 2144 ab
1370 2085 1549 2168 metropo

470 2191 583 2264 litano
609 2190 830 2261 Herimanno
855 2203 1058 2286 urgeretur,
1085 2213 1130 2262 co
1153 2188 1254 2287 quod
1273 2203 1399 2260 contra
1428 2185 1549 2258 iasab
1684 2232 1685 2264 ³

472 2331 555 2405 rege
572 2304 819 2404 episcopatum
846 2305 1058 2406 suscepisset
1075 2329 1182 2405 super
1203 2329 1287 2378 eum
1305 2304 1368 2404 qui
1385 2302 1547 2390 tenebat,

471 2421 606 2522 quique
619 2419 918 2519 nullaculparum
930 2420 1153 2494 confessione
1166 2421 1292 2514 victus,
1309 2419 1410 2495 nullo
1419 2420 1548 2518 juditio

471 2539 661 2612 damnams
684 2553 794 2630 esset,
816 2537 908 2638 regis
933 2538 1034 2635 jussu
1058 2539 1209 2611 Romam
1238 2537 1398 2630 festinan
1427 2562 1470 2610 ac
1503 2536 1550 2608 ibi

474 2653 629 2734 iohanni
641 2677 761 2754 papae,
789 2669 825 2727 et
842 2655 934 2753 regis
953 2654 1165 2728 sententiam
1184 2670 1220 2728 et
1236 2657 1292 2728 sui
1313 2654 1448 2755 negotii
1472 2679 1552 2726 cau

472 2795 549 2846 sam
566 2769 800 2848 demonstrat.
823 2772 921 2870 Papa
937 2771 975 2844 in
997 2770 1208 2844 Hilduinum
1225 2771 1447 2846 desertorem
1464 2771 1552 2843 indi·

477 2883 659 2984 gnans,ab
669 2883 790 2958 officio
802 2910 888 2958 eum
900 2887 1086 2987 suspendit
1094 2912 1137 2960 ac
1145 2887 1372 2962 anathemate
1384 2888 1552 2976 daumat;

476 3001 667 3074 Richerum
679 3026 766 3075 vero
779 3002 991 3104 episcopum
1004 3003 1165 3093 ordinat,
1187 3029 1229 3078 ac
1247 3030 1320 3079 suae
1336 3006 1554 3078 auctoritatis

474 3118 727 3192 benedictione
740 3117 866 3192 donat.
889 3119 1073 3194 Haecdum
1086 3119 1351 3218 detegerentur,
1365 3117 1553 3192 Hilduinus

474 3235 716 3336 prosequitur,
726 3235 907 3308 mensum
917 3234 1015 3334 apud
1025 3260 1158 3336 papam
1172 3237 1365 3337 plurimam
1378 3235 1555 3335 querimo-

474 3353 575 3425 niam
591 3351 759 3443 fundens,
773 3375 817 3424 ac
832 3351 931 3450 apud
942 3375 1027 3424 eum
1039 3377 1107 3454 pro
1118 3353 1344 3428 absolutione
1356 3351 1554 3427 admodum

475 3468 656 3545 laborans·
683 3471 767 3557 Quo
790 3483 1048 3568 conquerente,
1070 3472 1240 3547 Richerus
1256 3472 1362 3562 redit,
1378 3495 1420 3545 ac
1433 3469 1554 3543 sedem

476 3607 626 3659 ramam
641 3586 761 3684 jussus
773 3583 821 3658 ab
838 3609 922 3684 rege
940 3584 1149 3684 ingreditur.

965 3745 1068 3806 XXVI.

528 3883 1085 3982 Hisitasesehabentibusrerad
1094 3888 1557 3987 interioresBelgicaepanes

479 4005 547 4076 iter
556 4018 756 4101 retorquet3
771 4001 906 4101 ibique,
922 4003 971 4076 ob
980 4005 1108 4078 multas
1119 4032 1239 4080 rerum
1247 4033 1331 4106 quae·
1339 4019 1561 4080 emerserant
