3417 5392
846 544 1010 607 arenam
1032 548 1107 609 ua.
1132 550 1174 609 11.
1239 623 1243 636 ,

778 774 919 827 XXXVII.
931 764 1097 827 -lnteritus
1114 772 1254 826 lteriberti.

533 936 591 1007 His
604 936 652 1005 ita
663 958 738 1005 sese
750 932 981 1023 habentibus,
998 957 1082 1003 cum
1095 930 1300 1001 Heribertus
1311 946 1460 1027 quaeque
1471 952 1551 1028 per-

480 1054 607 1123 nitiosa
619 1064 860 1150 pertractaret,
877 1074 917 1120 ac
930 1049 976 1119 de
989 1046 1217 1145 quorundam
1229 1044 1426 1117 calamitate
1437 1046 1550 1119 multa

479 1168 700 1267 disponeret,
717 1190 800 1237 cum
818 1166 935 1235 inter¹
960 1188 1043 1235 suos
1055 1164 1092 1232 in
1104 1177 1201 1233 veste
1213 1162 1382 1259 praeciosa
1393 1162 1547 1252 sederet,

478 1300 583 1382 atque
596 1282 692 1382 apud
710 1282 787 1352 illos
808 1296 952 1351 extensa
971 1304 1081 1350 manu
1099 1278 1392 1369 concionaretur,
1412 1278 1549 1374 majore

477 1401 661 1499 apoplexia
679 1398 727 1469 ob
740 1397 1018 1494 superfluitatem
1038 1394 1233 1466 humorum
1250 1408 1396 1491 captus,
1415 1394 1453 1464 in
1473 1394 1549 1492 ipsa

478 1540 596 1587 rerum
614 1514 857 1603 ordinatione,
878 1512 1076 1583 constrictis
1085 1509 1249 1581 manibus
1262 1511 1451 1607 nervisque
1462 1536 1548 1582 con·

477 1632 606 1721 tractiS,
618 1655 680 1700 ore
691 1629 797 1701 etiam
808 1628 845 1698 in
860 1653 982 1699 aurem
996 1628 1160 1717 distorto,
1175 1651 1259 1697 cum
1270 1626 1382 1698 multo
1396 1626 1548 1699 horrore

476 1763 511 1819 et
522 1745 788 1844 horripilatione
802 1768 925 1814 coram
937 1745 1008 1815 suis
1019 1744 1239 1817 inconsultus
1253 1744 1453 1841 exspiravit.
1468 1746 1548 1815 Sus-

475 1879 667 1962 eeptusque
692 1887 712 1931 a
735 1861 824 1949 suis,
853 1860 950 1957 apud
974 1876 1135 1931 sanctum
1154 1859 1365 1944 Quintinum
1388 1857 1546 1956 sepultus

475 1994 539 2049 est.
556 1983 638 2065 Quo
652 1976 790 2073 sepulto
804 2029 813 2066 ,
834 1976 910 2071 ejus
923 1974 986 2045 filii
1000 2001 1084 2047 mox
1097 2002 1219 2073 regem
1231 1976 1419 2064 adeuntes,
1441 1974 1488 2044 ab
1501 1999 1545 2045 eo

475 2094 626 2190 benigne
644 2092 781 2189 excepti
793 2107 887 2162 sunt.
906 2093 1017 2162 Patris
1030 2093 1239 2188 injuriarum
1257 2092 1346 2163 nihil
1359 2091 1427 2162 sibi
1441 2090 1545 2160 redu-

475 2235 570 2280 cens.
597 2208 778 2305 Excipitur
799 2223 834 2278 et
857 2211 959 2303 Hugo
983 2209 1186 2306 episcopus,
1214 2234 1258 2279 ea
1282 2223 1401 2279 tamen
1419 2206 1544 2277 condi·

475 2328 584 2415 tione,
599 2339 639 2395 ut
651 2338 812 2420 tempore
826 2348 985 2419 congruo
1007 2325 1209 2396 ratiocinari
1222 2349 1289 2423 pro
1304 2349 1341 2394 se
1354 2324 1399 2394 de
1411 2323 1545 2421 episoo-

475 2456 577 2539 patus
594 2439 784 2537 adeptione
802 2462 877 2509 non
895 2440 1045 2511 differat.
1068 2446 1159 2512 Cum
1176 2440 1306 2539 quibus
1318 2464 1463 2537 quoque
1484 2464 1544 2511 rex

475 2557 687 2647 Ambianum
716 2553 891 2649 digressus
914 2570 985 2644 est;
1011 2556 1073 2626 ubi
1102 2582 1185 2627 cum
1200 2580 1275 2627 non
1297 2557 1373 2627 sine
1395 2580 1542 2627 suorum

473 2671 672 2771 potioribus
702 2693 849 2766 quaeque
873 2672 1049 2770 praecipua
1074 2672 1264 2771 disponere
1283 2672 1407 2761 vellet,
1432 2673 1543 2743 Erlui-

475 2815 563 2861 uum
578 2786 731 2860 Rodomi
744 2803 944 2858 morantem
958 2814 1023 2886 per
1040 2788 1194 2885 legatum
1213 2789 1369 2861 accersit.

681 2968 838 3025 XXXVIII.
847 3002 884 3013 —
898 2973 1052 3043 Congressio
1064 2974 1167 3048 Amulli
1179 2987 1206 3027 et
1216 2963 1328 3027 Erluini.

520 3132 627 3221 Quod
644 3158 727 3204 cum
752 3133 1002 3205 malivolorum
1030 3135 1200 3207 relatione
1221 3134 1385 3206 Amulius
1402 3160 1542 3233 compe·

351 3254 360 3273 ⁰
470 3252 591 3339 risset,
621 3251 766 3321 iusidias
783 3251 990 3349 praetendit,
1017 3252 1305 3349 obvenientique,
1332 3275 1415 3348 rege
1443 3252 1541 3349 igno-

470 3383 583 3457 rante,
596 3365 782 3437 cohortem
791 3365 938 3437 inducit.
950 3368 1058 3453 Quod
1067 3368 1232 3440 Erluinus
1240 3392 1324 3438 mox
1335 3368 1537 3459 dinoscens,

470 3484 576 3579 signis
602 3482 738 3553 collatis
763 3482 1002 3577 congreditur.
1030 3472 1247 3580 Congressus
1270 3463 1449 3582 utrimque
1466 3508 1540 3556 non

471 3600 645 3670 modicus.
658 3598 834 3687 Arnulsus,
851 3600 923 3669 suis
936 3599 1034 3690 fusis,
1050 3600 1269 3698 profugiens,
1285 3601 1343 3670 vix
1356 3614 1540 3697 urgentem

467 3716 589 3786 evasit.
622 3715 787 3785 Erluinus
813 3716 961 3785 victoria
985 3718 1139 3814 potitus,
1168 3716 1255 3788 alios
1279 3732 1425 3807 enecat,
1454 3717 1540 3787 alios

467 3820 579 3929 capit,
607 3831 694 3901 alios
716 3831 753 3900 iu
778 3831 896 3927 sugam
916 3833 1021 3928 cogit.
1044 3838 1084 3903 ln
1103 3857 1176 3931 quo
1195 3834 1301 3905 etiam
1318 3834 1533 3923 certamine,

466 3947 728 4019 interfectorem
741 3947 909 4038 Wilelmi,
924 3950 986 4045 qui
1004 3973 1085 4021 cum
1103 3949 1246 4021 Amulio
1259 3949 1326 4021 sibi
1337 3950 1410 4021 vim
1421 3950 1434 3986 ²
1446 3951 1536 4021 intu-

501 4198 509 4231 ¹
530 4199 601 4270 apud
616 4200 640 4250 I.

462 4286 469 4299 ⁸
501 4285 513 4314 ¹
531 4283 627 4353 (iopias
641 4284 666 4334 l.
