3417 5392
464 548 525 609 '260
835 544 1000 604 lllCllElll
1024 544 1099 604 LlB.
1122 545 1165 604 ll.

465 700 483 735 u
506 667 688 763 negotium
710 664 940 739 solummodo
962 666 1069 737 armis
1082 664 1287 763 viribusque
1307 682 1400 737 esset
1415 682 1527 739 attem

465 819 482 857 u
504 788 691 889 ptandum.
724 787 793 859 Sed
824 788 908 885 quia
925 790 997 887 'per
1024 788 1187 859 astutiam
1216 787 1292 883 ejus
1321 790 1539 889 principium

464 936 481 973 u
504 906 633 977 utilitas
651 904 793 1003 aggredi
811 904 953 996 suadet,
969 920 1078 1003 prout
1092 894 1180 975 mihi
1192 904 1347 996 videtur,
1369 906 1539 979 cohortes

386 1038 388 1043 ’
463 1054 480 1091 u
502 1022 637 1121 aliquot
655 1048 755 1093 secus
768 1036 929 1093 montem
948 1022 985 1093 in
1001 1020 1130 1093 abditis
1151 1020 1328 1120 ponendae
1349 1038 1443 1093 sunt.
1472 1028 1539 1095 Ex·

462 1144 730 1245 «spectandum
765 1144 873 1215 etiam
902 1168 973 1241 qua
1006 1158 1213 1241 tempestate
1241 1167 1354 1241 equos
1377 1142 1534 1215 educant

460 1286 666 1359 «agasones
698 1259 888 1331 herbatum
919 1274 1166 1359 potatumque.
1202 1260 1273 1347 Qui
1297 1284 1382 1331 cum
1405 1261 1441 1331 in
1467 1286 1536 1333 suo

460 1394 657 1477 «tempore
686 1378 815 1473 egressi
839 1375 987 1468 luerint,
1022 1392 1058 1448 et
1082 1376 1128 1448 ab
1158 1376 1445 1448 observatoribus
1474 1402 1537 1449 eo·

459 1526 477 1563 n
499 1520 579 1567 rum
599 1518 758 1592 egressus
780 1507 815 1565 et
837 1518 1008 1564 numerus
1029 1492 1134 1564 nobis
1154 1494 1339 1584 referetur,
1368 1518 1453 1564 mox
1486 1492 1535 1564 ad

458 1642 476 1681 u
498 1636 624 1684 eorum
638 1635 829 1682 numerum
847 1609 1027 1681 lectissimi
1042 1611 1191 1707 juvenes
1209 1610 1339 1682 eodem
1353 1625 1530 1701 scemate,

458 1759 476 1799 α
498 1728 698 1826 eodemque
716 1752 868 1799 numero
883 1726 1070 1826 capitibus,
1087 1742 1127 1798 ut
1138 1728 1217 1825 ipsi,
1231 1727 1403 1826 pilleatis*
1427 1727 1536 1799 larra·

458 1878 476 1915 n
492 1848 612 1945 ginem
625 1846 663 1917 in
680 1846 779 1942 equis
791 1844 836 1916 ad
849 1859 992 1943 portam
1006 1842 1185 1933 delerant,
1210 1842 1307 1915 unde
1326 1841 1435 1942 paulo
1448 1858 1533 1913 ante

457 1994 475 2033 u
497 1988 667 2061 agasones
685 1962 861 2051 exierant,
893 1961 964 2031 acsi
988 1961 1056 2059 ipsi
1080 1984 1250 2057 agasones
1273 1958 1432 2030 redeant.
1460 1960 1532 2046 Qui

457 2110 475 2149 u
497 2106 582 2153 cum
599 2078 784 2150 altitudine
797 2075 1045 2148 fasciculorum
1058 2092 1241 2176 aspectum
1254 2091 1442 2175 protegere
1451 2101 1531 2174 pos-

457 2226 474 2265 «
492 2198 563 2268 sint
583 2196 673 2269 sacili
697 2196 855 2290 ingressu
881 2193 1009 2264 urbem
1032 2192 1282 2291 penetrabunt.
1313 2196 1357 2263 Et
1376 2193 1528 2290 nequid

457 2344 475 2381 u
492 2310 709 2411 impossibile
722 2336 743 2381 a
755 2335 813 2381 me
823 2310 960 2380 dictum
971 2311 1170 2408 suspiceris,
1185 2336 1312 2381 eorum
1327 2310 1458 2381 ducem
1470 2336 1529 2381 me

456 2460 474 2499 u
496 2430 534 2501 in
543 2429 613 2501 hoc
625 2428 816 2500 certamine
824 2427 949 2497 ollero.
965 2428 1090 2499 Animo
1099 2444 1238 2499 tantum
1250 2428 1320 2498 sint
1329 2428 1526 2517 constanti;

456 2578 474 2617 u
491 2572 672 2619 successus
689 2570 788 2636 vero,
809 2548 887 2615 Deo
901 2544 1055 2635 volente,
1076 2544 1353 2645 prosperabitur.
1381 2546 1419 2614 Si
1442 2570 1528 2641 ergo

457 2695 474 2733 u
492 2664 734 2762 tempestivius
747 2662 840 2733 cives
859 2661 1003 2748 insidias
1022 2661 1225 2754 advertant,
1246 2662 1451 2760 bellumque
1462 2688 1527 2733 no·

457 2818 475 2855 u
496 2786 551 2857 bis
562 2784 793 2885 paucioribus
812 2784 984 2875 inferant,
1005 2784 1116 2856 fixum
1130 2784 1234 2857 nobis
1253 2786 1373 2863 animo
1386 2785 1442 2875 sit,
1467 2802 1527 2857 aut

457 2940 474 2977 u
490 2924 601 3009 portae
614 2910 809 3005 ingressum
828 2923 968 2979 tantum
985 2909 1096 2998 tueri,
1116 2907 1234 2980 donec
1252 2907 1345 2979 tubae
1362 2907 1526 3004 clangore

456 3055 474 3093 «
487 3026 645 3097 excitatae
663 3024 829 3096 cohortes
848 3024 953 3095 nobis
971 3024 1204 3115 subveniant,
1231 3041 1292 3096 aut
1314 3024 1426 3096 multa
1445 3050 1526 3095 con-

455 3172 474 3210 «
495 3142 623 3213 stantia
649 3142 685 3212 in
706 3140 788 3211 loco
811 3165 920 3238 quem
937 3142 1088 3239 quisque
1108 3141 1323 3240 possidebit,
1345 3143 1526 3239 magnani-

456 3288 475 3326 «
497 3258 600 3330 miter
618 3258 742 3331 emori.
763 3286 780 3323 >r

962 3434 1019 3485 XC.

501 3600 713 3698 Hujusmodi
727 3626 847 3673 rerum
862 3601 1064 3701 dispositio,
1081 3601 1249 3673 omnibus
1269 3616 1350 3700 apta
1368 3601 1520 3672 videtur.

453 3716 706 3788 Observatores
718 3719 836 3815 itaque
847 3717 984 3808 directi,
999 3743 1194 3815 agasonum
1209 3718 1520 3808 consuetudinem,

451 3858 648 3931 eorumque
683 3834 871 3923 habitum,
910 3849 1050 3933 tempus
1083 3860 1229 3932 quoquc
1266 3850 1302 3905 et
1332 3860 1522 3906 numerum

450 3949 688 4047 promtissime
713 3948 881 4021 referunt.
908 3949 961 4020 Ad
982 3976 1273 4049 eorumquoque
1295 3951 1446 4023 relatum
1464 3976 1521 4022 oo-

449 4066 570 4139 hortes
582 4069 617 4138 in
632 4066 760 4139 abditis
772 4094 873 4139 secus
887 4084 1048 4141 montem
1061 4069 1239 4170 dispositae
1255 4085 1348 4141 sunt.
1371 4074 1438 4141 Pro
1459 4095 1520 4141 nu·

513 4264 644 4355 obvolutis
665 4304 689 4355 l.
