3417 5392
472 592 532 653 274
838 588 1002 655 tttcttEttt
1025 589 1100 647 tte.
1125 588 1166 645 11.

978 913 1023 963 et.

520 1076 613 1140 {nter
639 1069 711 1139 baec
738 1092 821 1138 cum
847 1091 908 1137 rex
934 1068 971 1136 in
998 1065 1156 1165 partibus
1180 1066 1389 1162 Burgundiae
1415 1067 1534 1137 adbuc

471 1186 699 1273 detineretur,
722 1183 885 1279 AEtbgiva
897 1196 1009 1253 mater
1018 1182 1094 1277 ejus
1108 1183 1245 1277 regina,
1266 1207 1310 1252 eo
1328 1184 1530 1277 ignorante,

471 1300 654 1373 Heriberto
667 1300 796 1371 comite
815 1299 953 1398 nupm‘t,
968 1313 1020 1387 et,
1044 1298 1163 1369 relicta
1176 1298 1264 1369 urbe
1277 1298 1451 1371 lauduno
1462 1354 1473 1389 ,
1486 1300 1533 1371 ab

469 1444 514 1489 eo
526 1417 677 1489 deducta
699 1429 762 1486 est.
781 1414 888 1503 Quod
901 1440 962 1485 rex
979 1414 1208 1486 vehementer
1222 1413 1410 1511 indignans
1425 1418 1453 1507 ¹,
1479 1442 1534 1488 re-

469 1534 545 1607 dire
559 1547 722 1621 maturat,
737 1546 866 1602 etcum
874 1530 1052 1628 Gerberga
1063 1533 1184 1629 regina
1197 1556 1306 1602 uxore
1319 1531 1531 1604 laudunum

468 1648 680 1747 ingreditur;
701 1662 736 1718 et
754 1672 774 1717 a
792 1662 904 1719 matre
926 1647 1087 1719 auferens
1104 1647 1237 1747 praedia
1255 1662 1291 1719 et
1307 1647 1400 1719 aedes
1420 1651 1535 1745 regias

468 1766 570 1837 uxori
585 1765 597 1847 2
619 1762 766 1860 delegat.

967 1904 1027 1957 cll.

515 2052 651 2117 Interea
664 2042 841 2140 Gerberga
853 2044 985 2139 regina,
1000 2042 1163 2118 lauduni
1176 2043 1336 2140 geminos
1349 2043 1452 2114 enixa
1462 2059 1526 2115 est.

467 2168 630 2249 Quorum
641 2161 728 2230 alter
748 2160 911 2249 Karolus,
932 2159 1018 2231 alter
1037 2160 1222 2231 Heinricus
1234 2174 1380 2229 vocatus
1399 2173 1463 2229 est.
1487 2165 1529 2231 tt

466 2279 649 2348 Heinricus
661 2300 744 2346 mox
756 2292 838 2373 post
851 2278 940 2347 sacri
959 2275 1177 2375 baptismatis
1193 2276 1476 2373 perceptionem,
1490 2278 1529 2347 in

466 2392 553 2464 albis
587 2391 736 2463 decedit.
768 2391 918 2462 Karolus
943 2406 1062 2463 autern
1098 2415 1184 2462 cum
1216 2390 1367 2461 naturali
1400 2391 1528 2462 virium

465 2508 595 2579 robore
618 2507 798 2579 educatur.

959 2627 1033 2679 0111.

501 2766 700 2837 Ludovicus
710 2790 795 2846 vero
807 2790 868 2836 rex
878 2768 1006 2837 Itonos
1016 2765 1169 2853 rediens,
1183 2789 1268 2836 cum
1279 2762 1531 2837 fluvio‘Axcm

467 2882 734 2979 propinquaret,
751 2904 815 2979 per
836 2880 1046 2979 campestria
1069 2881 1194 2979 lupum
1207 2880 1330 2982 praeire
1342 2880 1525 2978 conspicit.

467 3001 582 3084 Quem
603 3021 696 3094 equo
726 2998 855 3067 emisso
879 2998 1069 3087 insecutus,
1090 3023 1155 3096 per
1174 2997 1276 3068 devia
1294 2998 1454 3094 exagitat.
1478 2996 1529 3068 td

468 3136 592 3183 omnes
606 3112 685 3183 ferae
698 3111 951 3184 declinationes
964 3138 1096 3209 equum
1109 3112 1296 3211 impatiens
1309 3110 1527 3201 obvertebat,

467 3252 533 3297 nec
559 3226 738 3329 quiescere
764 3225 987 3325 paciebatur,
1019 3227 1135 3298 donec
1160 3227 1314 3323 equestri
1340 3226 1530 3297 certamine

468 3344 657 3438 fugientem
671 3344 859 3413 evinceret.
881 3348 1002 3439 Equus
1015 3369 1100 3441 ergo
1108 3369 1172 3441 per
1182 3344 1277 3415 invia
1287 3358 1443 3432 coactus,
1458 3367 1533 3414 cesa

466 3460 538 3556 pite
557 3458 704 3531 offendit
715 3474 821 3555 atque
838 3458 1046 3558 prolabitur.
1069 3462 1141 3532 Rex
1162 3485 1247 3532 vero
1267 3460 1469 3557 gravissime
1481 3474 1531 3530 at·

468 3576 569 3646 tritus
582 3598 678 3665 casu,
695 3590 730 3646 et
743 3600 764 3647 a
777 3577 848 3646 suis
860 3592 1039 3675 exceptus,
1056 3602 1138 3648 cum
1156 3576 1270 3649 multo
1282 3578 1444 3649 omnium
1460 3600 1532 3647 me·

468 3716 548 3761 rore
570 3691 761 3790 ³,lyiiemos
783 3690 1002 3790 deportatur.
1039 3694 1174 3766 Infestis
1202 3695 1320 3791 itaque
1349 3691 1533 3763 doloribus

468 3821 543 3877 tcto
562 3797 711 3917 coppore
722 3806 924 3879 vexabatur.
944 3813 987 3879 Et
1005 3825 1086 3907 post
1104 3810 1278 3880 diutinam
1294 3808 1532 3880 valetudinem

467 3918 808 4021 corruptisinterius
832 3924 1023 3996 visceribus
1036 3925 1084 3996 ob
1108 3925 1301 3997 humorum
1314 3922 1533 4021 superfluita-

504 4160 510 4187 '
533 4160 555 4221 i,
569 4176 629 4209 cum
642 4159 769 4228 gerberga
780 4160 870 4211 deleta.

503 4233 512 4257 '·'
533 4248 559 4279 u.
575 4230 664 4281 omnia
679 4228 769 4279 detera.

504 4299 513 4327 ⁵
532 4298 602 4350 luctu
615 4318 677 4349 corr.
692 4318 802 4350 merore.
