3417 5392
479 561 520 618 72
853 557 1020 620 areatat
1043 560 1117 621 ΗΒ.
1143 561 1168 622 l.

478 676 682 768 mobilibus,
696 693 875 750 uteorum
889 680 989 751 color
1002 681 1135 751 nemini
1154 680 1201 751 ad
1218 680 1365 780 plenum
1385 683 1545 753 innotue-

479 793 541 884 rit,
557 791 709 892 pedibus
722 795 871 866 omnino
885 795 1154 894 inpatientibus,
1180 813 1299 868 mente
1321 797 1402 870 levi.
1424 799 1545 870 Oratio

478 911 566 1006 ejus,
583 911 747 1009 ambigua
765 913 901 985 ratione
921 914 1127 1004 consistens,
1148 913 1375 1010 interrogatio
1401 913 1542 1006 fallens,

478 1029 662 1127 responsio
684 1053 831 1129 anceps3
847 1029 1017 1102 orationis
1038 1045 1172 1129 partes,
1195 1055 1276 1102 raro
1299 1030 1462 1102 dilucidae
1480 1029 1543 1104 sibi

479 1145 714 1220 cohaerebant.
725 1148 803 1218 Suis
811 1146 1086 1247 adeoprolusus‚
1094 1147 1540 1238 alienaenormitersitiens,

479 1261 673 1357 majoribus
683 1287 725 1334 ac
736 1261 802 1335 sibi
813 1261 1007 1360 aequalibus
1029 1287 1150 1335 coram
1163 1263 1296 1354 favens,
1310 1263 1449 1336 occulte
1459 1289 1544 1338 vero

478 1376 659 1470 invidens,
679 1404 797 1452 rerum
816 1379 1024 1452 confisione
1042 1404 1084 1451 ac
1101 1395 1225 1455 mutua
1236 1381 1484 1455 dissidentium
1498 1381 1545 1454 in-

477 1496 668 1568 sectatione
680 1494 873 1594 plurimum
885 1495 1053 1592 gaudens.

949 2217 1075 2270 XXXVI.

525 2367 615 2439 Talis
634 2368 752 2466 itaque
771 2370 809 2438 in
835 2393 956 2466 regem
976 2369 1085 2440 nimia
1107 2369 1329 2440 animositate
1353 2367 1540 2441 serebatur.

477 2483 712 2567 Meditabatur
733 2508 879 2584 quoque
896 2486 988 2583 regis
1010 2485 1244 2582 abjectionem
1268 2483 1485 2573 admodum,
1505 2509 1545 2557 ac

477 2598 672 2701 plurimum
688 2601 724 2672 id
743 2603 979 2700 pertractabat
998 2602 1094 2701 apud
1118 2601 1258 2700 eosqui
1276 2602 1312 2673 in
1330 2601 1469 2698 Belgica
1485 2625 1546 2700 po-

477 2717 585 2788 tiores
603 2715 828 2809 videbantur,
850 2743 925 2788 non
943 2717 1088 2816 quidem
1113 2715 1295 2807 Rotbert0,
1324 2717 1387 2788 sed
1405 2715 1472 2787 sibi
1495 2739 1546 2786 re·

479 2858 589 2930 gnum
611 2835 799 2925 affectans3
821 2861 886 2906 sua
910 2860 1054 2937 quoque
1074 2834 1291 2934 principibus
1311 2857 1403 2932 pene
1425 2833 1546 2905 omnia

479 2949 703 3022 distribuens.
728 2955 771 3022 Et
783 2951 935 3047 majores
948 2951 1094 3049 quidem
1106 2951 1245 3051 praediis
1258 2949 1439 3022 etaedibus
1452 2975 1547 3048 egre

480 3067 544 3164 giis
567 3065 686 3138 inclite
707 3065 881 3156 donabat,
907 3067 1105 3140 mediocres
1122 3082 1241 3140 autem
1258 3068 1336 3139 auri
1357 3083 1392 3139 et
1409 3068 1546 3165 argenti

479 3181 619 3277 talentis
644 3181 832 3254 efficaciter
855 3183 1031 3255 illiciebat.
1061 3184 1116 3255 Fit
1140 3185 1257 3282 itaque
1282 3181 1477 3256 multorum
1502 3209 1545 3255 ex

478 3297 617 3394 belgica
632 3323 715 3369 cum
727 3323 771 3370 eo
785 3323 991 3370 consensus.
1014 3299 1083 3371 Sed
1098 3299 1170 3370 hoo
1193 3299 1275 3370 satis
1300 3299 1488 3397 inprovide
1504 3323 1544 3370 ac

478 3413 695 3504 inconsulte;
715 3440 799 3486 nam
819 3416 900 3487 licet
916 3413 966 3486 ob
979 3438 1111 3512 magna
1134 3413 1305 3485 beneficia
1323 3429 1546 3513 comparatos

382 3577 387 3586 ι
479 3529 546 3600 sibi
559 3530 770 3620 attraxisset,
793 3556 868 3602 non
889 3546 1007 3602 tamen
1026 3555 1069 3601 ex
1089 3527 1321 3626 jurejurando
1339 3529 1385 3601 ad
1410 3545 1546 3627 petrau

479 3645 567 3717 dum
585 3645 719 3718 facinus
736 3645 803 3716 sibi
816 3647 995 3717 annexuit.
1013 3645 1150 3717 leviter
1162 3669 1247 3742 ergo
1260 3646 1409 3734 attracti,
1425 3643 1546 3716 leviter

479 3775 559 3858 post
573 3761 748 3869 dissocimi
767 3761 875 3833 litere.
1075 3755 1083 3770 ’

941 3913 1083 3966 XXXVII.

505 4130 507 4133 Ι
530 4047 709 4120 Nemeum
718 4043 880 4134 Karolus‚
892 4043 963 4115 hoo
977 4043 1111 4134 audito,
1128 4043 1289 4116 aCeltica
1299 4066 1382 4114 cum
1393 4041 1544 4130 exercitu

481 4158 623 4249 rediret,
644 4157 826 4257 Belgisque
849 4158 984 4229 bellum
1002 4156 1129 4231 inferre
1148 4174 1302 4258 pararet,
1326 4157 1439 4256 Belgae
1463 4181 1546 4230 mox

482 4299 556 4346 non
575 4276 611 4346 iu
629 4291 752 4373 aperto
774 4301 857 4346 oum
876 4273 1072 4347 Gisleberto
1094 4277 1255 4348 resistere
1276 4276 1343 4348 nisi
1362 4289 1461 4364 sunt,
1483 4271 1544 4346 sed
