3417 5392
470 625 530 687 234
837 623 1100 684 ulceratus.
1124 626 1167 684 11.

473 774 491 810 t<
511 756 685 843 potestas,
706 758 742 815 et
758 766 823 842 per
840 768 924 819 eum
936 744 1099 816 aeoetesiae
1112 748 1275 818 Remensi
1295 745 1435 819 debitus
1453 772 1541 817 snus

473 890 491 927 κ
513 860 715 932 restituatur
731 861 862 933 honor.
882 889 901 927 n

479 1076 482 1081 ’
575 1055 1430 1129 LXXIl.-Responsio*Marini*Romanoe*sedis*legati'.

522 1214 575 1287 td
592 1214 667 1286 haec
677 1214 833 1286 domnus'
846 1215 1003 1285 Marinus
1021 1228 1148 1285 sanetae
1166 1217 1333 1285 Romanae
1345 1211 1438 1287 sedis
1449 1213 1540 1283 vica·

475 1332 572 1402 rius:
597 1360 614 1398 n
636 1331 792 1429 Optime,
812 1358 829 1397 n
857 1330 984 1428 inquit,
1002 1359 1020 1397 n
1036 1344 1142 1427 atque
1159 1328 1292 1401 utiliter
1307 1318 1414 1402 fratiir
1430 1354 1472 1401 ac
1484 1354 1542 1401 co·

477 1478 494 1516 α
517 1448 704 1546 episcopus
726 1446 916 1517 Rotbertus
941 1472 1060 1517 rerum
1087 1447 1213 1519 seriem
1236 1446 1380 1518 tenuit:
1410 1447 1541 1518 etenim

477 1598 495 1636 n
516 1592 601 1640 cum
613 1567 751 1639 divinas
763 1568 877 1665 leges,
904 1568 1069 1649 humanis
1086 1566 1345 1667 praeponendas
1367 1554 1443 1665 ipse
1463 1592 1542 1666 per·

477 1714 496 1752 n
513 1698 659 1773 noscat,
676 1683 897 1754 considerata
910 1698 1030 1755 tamen
1048 1708 1168 1756 rerum
1180 1684 1340 1773 fortuna,
1360 1682 1463 1779 regiae
1480 1681 1543 1753 do-

478 1800 723 1872 «minationis
749 1800 940 1898 imperium
969 1814 1052 1871 ante
1075 1799 1163 1872 dixit
1183 1796 1478 1887 restaurandum,
1508 1812 1545 1866 ut

478 1945 496 1984 n
518 1917 594 2012 ejus
611 1915 734 2012 uigore
763 1914 918 2008 firmato,
943 1916 1089 2014 ejusque
1112 1917 1272 2015 potentie
1293 1914 1425 1985 utiliter
1448 1914 1546 1984 resti·

478 2060 496 2099 n
518 2044 615 2123 tuta,
636 2031 711 2126 ejus
729 2046 810 2129 post
827 2030 1056 2123 liberalitate,
1083 2030 1312 2104 ecclesiarum
1339 2031 1406 2103 Dei
1427 2029 1547 2100 honor

478 2177 505 2214 w
519 2162 778 2253 consequenter
795 2164 984 2239 recrescat,
1011 2150 1086 2245 ejus
1099 2147 1297 2247 patrocinio
1316 2161 1459 2245 agente,
1478 2148 1546 2215 vir·

479 2294 497 2329 a
520 2279 575 2347 tus
589 2263 695 2334 bonis
705 2262 906 2361 quibusque
918 2263 1049 2336 redeat.
1067 2263 1176 2351 Quod
1189 2278 1241 2354 ut,
1255 2268 1333 2336 Deo
1353 2278 1544 2351 annuente,

479 2408 498 2447 α
520 2378 598 2450 fieri
622 2393 750 2476 queat,
776 2380 955 2479 inprimis
976 2380 1154 2453 audienda
1179 2395 1286 2477 atque
1307 2378 1545 2452 strenuissime

479 2524 497 2562 n
514 2494 738 2593 disponenda
749 2494 890 2567 videtur
898 2472 1005 2567 causa
1016 2495 1141 2567 domni
1161 2521 1202 2567 ac
1216 2497 1428 2568 serenissimi
1440 2498 1542 2593 regis,

480 2648 497 2683 n
519 2617 548 2688 si
562 2616 599 2688 id
618 2642 762 2715 quoque
786 2618 892 2689 vestri
906 2618 1030 2714 judicii
1047 2620 1206 2718 paciatur
1222 2643 1416 2690 censura.»
1437 2622 1546 2713 Syno-

478 2738 546 2810 dus
559 2739 668 2811 dixit:
689 2770 707 2807 n
722 2738 903 2811 Audiatur.
922 2769 941 2807 u

478 2949 606 3005 LXXIII.
616 2982 652 2994 -
663 2953 822 3023 Conquestio
830 2955 863 2989 fl
881 2954 1009 3007 Ludoriei
1018 2956 1050 2989 ¹³
1068 2954 1173 3026 regist*
1184 2953 1266 3027 *apud
1285 2955 1411 3023 ¹Ottoncm
1423 2972 1509 3023 regem
1516 2954 1548 2986 ”

845 3057 871 3095 et
881 3043 1003 3097 nundum
1011 3044 1043 3079 ἥ
1055 3046 1128 3115 regni
1136 3045 1179 3096 ¹⁸⁴.

528 3214 627 3281 Tunc
640 3234 701 3281 rex
710 3210 924 3302 Ludovicus,
938 3211 984 3283 ab
1002 3192 1144 3284 Ottonis
1155 3213 1247 3309 regis
1255 3212 1364 3283 latere
1374 3236 1544 3308 surgens,

479 3326 607 3398 stando
621 3328 792 3424 conqueri
819 3326 1076 3400 modestissime
1098 3328 1252 3426 petebat.
1281 3334 1325 3399 At
1343 3343 1488 3425 rogatus
1503 3328 1548 3399 ab

481 3441 640 3533 sinodo,
694 3442 901 3539 hujusmodi
941 3432 1108 3516 'residens
1163 3444 1286 3515 effudit
1331 3444 1512 3541 querelam
1536 3473 1544 3514 ε

483 3594 501 3631 α
520 3568 677 3653 Quanto,
694 3593 712 3631 n
728 3565 907 3661 inquiens,
924 3595 942 3633 n
958 3568 1119 3663 Hugonis
1141 3568 1323 3657 instinctu,
1343 3582 1550 3663 quantoque

485 3679 600 3773 «ejus
631 3681 787 3779 impulsu
815 3683 988 3779 conqueri
1009 3708 1131 3781 cogor,
1160 3686 1256 3756 testis
1279 3700 1332 3756 est
1350 3683 1428 3770 ille,
1449 3682 1549 3777 cujus

483 3823 501 3863 n
518 3798 629 3893 gratia
645 3824 710 3870 vos
736 3800 794 3870 hic
817 3816 1050 3898 congregatos
1068 3801 1176 3900 paulo
1194 3817 1277 3873 ante
1304 3802 1457 3874 relatum
1482 3816 1544 3873 est.

485 3940 503 3979 α
527 3917 630 3986 Pater
655 3916 750 4010 ejus,
772 3932 813 3988 ut
834 3942 855 3987 a
874 3918 1050 4016 principio
1069 3917 1245 4010 exordiar,
1275 3921 1367 4018 petri
1392 3945 1474 3991 meo
1496 3945 1548 3990 re·

485 4058 503 4097 α
524 4054 634 4127 gnum
656 4031 835 4124 invidens,
865 4034 954 4105 dum
973 4036 1007 4107 ei
1025 4034 1125 4107 domi
1142 4034 1344 4134 militiaeque
1369 4036 1547 4109 servitium

521 4262 535 4295 ¹⁵
554 4265 664 4333 ponsio,
679 4266 726 4331 ni,
740 4266 791 4331 Ro,
804 4266 886 4333 sedis,
899 4270 918 4320 ti
930 4268 1033 4320 abscisa.

520 4344 550 4378 'st
569 4347 650 4411 estio,
663 4350 702 4412 ci,
716 4350 796 4417 regis,
809 4364 917 4420 gemet,
931 4371 968 4416 m,
980 4356 989 4404 i
1001 4352 1104 4404 abscisa.
