3417 5392
473 500 532 560 1³0
840 484 1005 548 arcuum
1027 485 1102 546 LlB.
1125 486 1167 545 ll.

472 615 556 714 goni
579 611 710 707 dirigit,
730 610 791 707 qui
813 606 1039 706 apertinatia
1059 629 1142 677 eum
1167 619 1346 696 revocent,
1371 629 1414 676 ac
1440 605 1473 675 ei
1495 605 1537 676 de

458 730 543 805 ,fide
562 729 629 800 sibi
651 723 825 800 servanda
846 722 1094 822 persuadeant.
1117 721 1187 807 Qui
1210 719 1307 819 apud
1331 745 1415 792 eum
1438 745 1539 818 pero

471 863 607 938 rantes,
638 843 729 916 nihil
757 841 874 940 pacis,
907 838 993 909 nibil
1027 838 1112 934 regii
1140 836 1289 907 honoris
1313 851 1536 938 acceperunt.

472 965 575 1038 Unde
596 979 633 1035 et
654 959 816 1059 digressi,
841 956 961 1028 audita
988 954 1061 1050 regi
1089 953 1255 1025 referunt.
1286 957 1388 1048 Hugo
1416 967 1542 1050 preter

469 1083 527 1180 jus
548 1106 585 1152 sc
604 1079 715 1176 egisse
736 1075 943 1162 dinoscens,
971 1070 1052 1142 urbi
1078 1071 1199 1168 copias
1224 1067 1382 1166 deputat.
1409 1073 1487 1167 lpse
1505 1069 1540 1138 in

471 1212 590 1298 partes
601 1197 701 1292 regni
717 1190 907 1264 exteriores
927 1214 1037 1286 usque
1051 1187 1097 1258 ad
1111 1201 1250 1284 tempus
1268 1185 1448 1256 secedens.
1472 1188 1541 1256 Rex

472 1340 558 1386 vero
580 1310 752 1412 pertinaci
777 1308 983 1403 indignans,
1014 1305 1206 1376 exercitum
1234 1301 1313 1373 urbi
1336 1301 1542 1400 applicat,a

473 1444 573 1528 parte
587 1453 657 1526 qua
674 1426 863 1524 planiciem
882 1422 1033 1522 praefert,
1049 1445 1206 1520 pugnam
1225 1420 1352 1491 acriter
1365 1419 1539 1515 ingerens.

474 1546 590 1618 Altera
604 1545 699 1615 enim
711 1556 825 1640 parte,
841 1539 949 1610 latere
971 1539 1103 1608 montis
1119 1537 1270 1626 educt0,
1286 1561 1379 1633 pene
1391 1536 1544 1606 inacccs-

474 1661 583 1734 sibilis
600 1674 664 1732 est.
687 1664 727 1728 ln
747 1671 847 1757 parte
868 1681 951 1752 ergo
966 1681 1044 1752 quae
1064 1644 1244 1725 obsidioni
1262 1653 1379 1750 aptior
1392 1667 1460 1742 est,
1482 1654 1546 1722 mi·

474 1776 552 1848 lites
565 1775 646 1846 urbi
658 1801 721 1846 rex
729 1799 813 1844 cnm
824 1772 916 1844 duce
929 1771 1085 1842 adhibet.
1107 1769 1244 1858 Quibus
1258 1769 1549 1868 impugnantibus

474 1893 595 1964 hostes
613 1889 922 1961 vehementissime
940 1889 1124 1976 resistunt,
1146 1885 1293 1982 telisque
1311 1911 1353 1956 ac
1371 1885 1547 1985 lapidibus

476 2035 595 2082 acrem
608 2007 777 2094 densant,
795 2020 901 2102 atque
918 2005 1128 2102 impetentes
1146 2017 1311 2074 atterunt.
1334 2006 1413 2072 Non
1428 2017 1545 2074 tamen

476 2153 589 2226 usque
603 2124 648 2196 ad
662 2124 827 2195 ellectum
840 2119 1050 2218 repulsionis
1063 2133 1220 2217 perstare
1231 2132 1436 2215 potuerunt.
1459 2123 1546 2188 Nam

477 2243 563 2340 regii
595 2239 771 2338 equitatus
801 2236 1061 2308 infestationem
1093 2260 1168 2306 non
1202 2236 1370 2325 serentes,
1402 2251 1547 2333 aparte

476 2372 679 2458 praerupta,
712 2378 791 2450 quae
821 2351 1009 2422 obsidione
1046 2375 1121 2421 non
1155 2350 1405 2448 premebatur,
1444 2367 1549 2423 nocte

477 2473 606 2572 egressi
627 2471 850 2568 aufugerunt.
876 2469 977 2540 Cives
996 2492 1082 2538 vero
1102 2467 1164 2564 qui
1192 2484 1455 2558 remanserunt,
1477 2471 1547 2566 regi

478 2615 564 2661 mox
582 2603 704 2688 portas
723 2609 912 2684 aperuere,
937 2608 1116 2655 eumcum
1138 2585 1209 2655 suis
1230 2584 1363 2682 absque
1381 2586 1548 2682 refragra-

478 2706 576 2777 tione
593 2706 631 2775 in
645 2703 733 2775 urbe
753 2700 1003 2798 gratulabundi
1023 2700 1246 2798 excipientes.
1276 2705 1354 2788 Qua
1376 2726 1438 2774 rex
1459 2705 1548 2802 poti·

480 2836 553 2912 tus,
574 2821 620 2892 ab
634 2821 710 2918 ejus
727 2819 895 2918 episcopo
910 2817 1056 2914 aliisque
1072 2817 1172 2913 regni
1189 2817 1395 2915 proceribus
1409 2817 1551 2891 obsides

480 2939 633 3037 accepit,
647 2951 754 3035 atque
765 2936 815 3007 sic
833 2959 917 3006 cum
936 2933 1028 3005 duce
1046 2933 1218 3004 Parisium
1230 2934 1297 3006 iter
1309 2937 1462 3008 retorsit.

641 3160 738 3211 VL-
749 3159 806 3211 Rex
821 3155 920 3209 ducis*
938 3155 1175 3228 procurationem*
1190 3174 1206 3208 a
1220 3174 1247 3208 se
1263 3157 1360 3210 amovit
1368 3157 1393 3208 *.

532 3306 605 3376 Rex
628 3303 782 3382 felicium
810 3327 931 3375 rerum
957 3327 1120 3374 successu
1143 3302 1271 3394 elatus,
1299 3318 1425 3402 praeter
1452 3303 1553 3376 ducis

482 3421 773 3519 procurationem
785 3445 841 3491 res
855 3443 937 3490 suas
948 3419 1106 3490 ordinari
1124 3444 1229 3520 posse
1241 3419 1428 3517 cogitabat.
1452 3421 1553 3493 Unde

483 3553 520 3610 et
540 3538 592 3609 rei
603 3536 1124 3608 militaris‘administrationcm
1143 3536 1277 3634 absque
1291 3562 1334 3608 eo
1344 3537 1419 3633 jam
1437 3536 1553 3638 dispo

484 3653 603 3729 nebat.
624 3652 837 3726 laudunum
859 3654 978 3750 itaque
992 3649 1124 3742 tendit,
1149 3651 1267 3751 ibique
1288 3668 1438 3726 matrem
1455 3680 1552 3728 suam

485 3770 671 3868 Etbgivam
701 3770 861 3867 reginam
892 3771 938 3841 ad
968 3770 1066 3841 urbis
1091 3770 1290 3841 custodiam
1315 3770 1473 3870 deputat.
1507 3777 1552 3842 Ac
1677 3791 1678 3880 ᾖ

486 3886 614 3961 exinde
634 3912 867 3984 quaecumque
885 3901 1012 3985 praeter
1036 3886 1433 3960 ducemadoriebatur:
1449 3888 1550 3976 Quod

387 3999 392 4004 ’
486 4005 595 4077 etiam
604 4003 670 4075 fuit
687 4029 761 4076 non
775 4003 953 4075 minimae⁴
968 4003 1057 4075 labis
1071 4005 1311 4076 seminarium.
1333 4009 1413 4078 Dux
1427 4005 1553 4078 etenim

524 4191 715 4255 *is,ra,m,
733 4190 911 4260 ituconjert.

527 4275 535 4305 '
556 4275 605 4326 luit
617 4292 717 4343 magnac
729 4273 748 4324 l.
765 4275 787 4323 1.
