3417 5392
469 531 529 591 258
838 526 1005 590 lllCHERl
1027 527 1104 590 LIB.
1127 526 1171 589 11.

468 671 570 755 patre
583 654 687 727 meo*
705 653 914 744 consilium,
934 652 1093 752 eoquod
1110 654 1292 757 ejusesset
1308 654 1432 746 miles,
1457 679 1542 728 oon·

466 771 551 844 siliis
564 769 797 863 commodus,
819 770 985 843 facundia
1002 769 1108 843 amul
1130 784 1167 843 et
1190 769 1333 844 audatia
1349 771 1537 871 plurimus.

469 888 573 962 Unde
585 902 621 961 et
639 914 702 961 rex
722 887 920 961 admodum
943 888 975 960 ei
997 888 1267 981 consuescebat,
1289 904 1324 961 et
1340 890 1438 991 apud
1456 916 1540 963 eum

465 1012 646 1109 sepissime
660 1009 895 1084 consultabat.
910 1009 1074 1082 Dictabat
1086 1034 1171 1109 ergo
1184 1026 1285 1110 pater
1296 1012 1421 1083 meus²
1442 1012 1539 1112 apud

464 1152 585 1225 regem
615 1142 650 1200 et
683 1133 817 1226 paucos
844 1127 908 1225 qui
932 1126 1145 1219 intererant,
1182 1126 1348 1201 ordinem
1373 1128 1539 1228 capiendi

463 1246 676 1319 laudunum
699 1246 769 1317 ita:
790 1245 948 1343 primum
965 1269 1042 1317 sese
1066 1244 1338 1318 observaturum
1354 1246 1539 1347 oportuni·

464 1384 573 1443 tatem
595 1368 727 1459 aiebat,
749 1382 847 1441 etan
872 1367 943 1439 loci
958 1367 1133 1440 habitudo
1157 1367 1195 1445 id
1219 1370 1341 1460 ferret,
1365 1394 1413 1440 an
1429 1370 1537 1443 etiam

461 1488 555 1560 cives
568 1487 605 1557 in
619 1486 870 1559 observatione
888 1484 986 1557 urbis
1003 1487 1195 1558 cautissimi
1207 1486 1437 1578 haberentur,
1458 1486 1536 1559 dili·

461 1604 662 1703 gentissime
680 1602 1044 1704 exploraturum'sese
1061 1602 1298 1675 memorabat.
1320 1604 1461 1676 Deinde
1482 1604 1536 1677 di·

459 1721 563 1795 cebat
574 1719 762 1794 efficaciter
779 1744 816 1793 se
834 1719 927 1793 adeo
940 1719 1189 1792 ordinaturum
1209 1721 1351 1813 omnia,
1376 1736 1413 1792 et
1424 1720 1475 1793 sic
1486 1721 1535 1794 ad

459 1838 624 1913 ellectum
647 1836 778 1909 utiliter
801 1836 1054 1927 reducturum,
1069 1851 1115 1908 ‚ut
1133 1836 1221 1907 nulli
1243 1852 1325 1935 post
1342 1863 1419 1909 sese
1436 1839 1535 1936 quic·

459 1981 569 2055 quam
582 1955 725 2053 negotio
743 1952 939 2053 inperfecto
953 1951 1195 2052 supplendum
1208 1952 1480 2052 relinqueretur.

896 2146 1077 2201 mxvm.

507 2303 600 2395 Rege
617 2320 703 2393 ergo
724 2320 790 2393 per
811 2293 888 2366 dies
911 2270 1048 2392 dinoot
1070 2296 1188 2369 Remis
1209 2294 1440 2389 demorante,
1460 2302 1531 2371 Ro·

457 2413 601 2487 dulius⁸
621 2450 673 2470 -·
685 2412 735 2483 sio
746 2411 843 2482 enim
856 2424 957 2510 pater
970 2412 1095 2483 meus'
1111 2412 1354 2485 dicebatur—
1370 2439 1533 2487 commo·

457 2531 603 2604 ditatem
614 2526 785 2627 patrandi·
796 2527 929 2624 negotii
939 2552 1004 2627 per
1016 2552 1101 2600 suos
1112 2530 1331 2630 explorabat.
1345 2532 1533 2631 Missisque

457 2644 762 2748 exploratoribus,
784 2644 960 2742 comperit
971 2657 1142 2742 agasones
1154 2646 1285 2717 civium
1297 2672 1363 2745 per
1373 2646 1449 2719 dies
1461 2650 1532 2719 sin·

457 2766 555 2865 gulas
572 2764 668 2836 exire
685 2761 730 2833 ab
748 2761 837 2833 urbe
855 2776 1017 2860 tempore
1034 2764 1238 2862 vespertino
1256 2765 1530 2863 quinquagenos

456 2897 518 2955 aut
535 2901 745 2977 sexagenoS,
771 2888 807 2949 et
824 2876 1006 2975 farraginis
1026 2876 1209 2953 fasciculos
1226 2882 1326 2979 equis
1339 2880 1377 2953 in
1399 2880 1530 2956 urbem

455 2998 612 3088 deferre,
637 2992 811 3094 capitibus
828 2992 878 3064 ob
903 2992 987 3066 solis
1008 2994 1176 3068 ardorem
1199 2996 1389 3070 obvolutis.
1414 2998 1528 3096 quue

455 3116 604 3207 cotidie,
621 3129 657 3186 et
669 3128 831 3210 tempore
849 3109 991 3183 eodem.
1008 3111 1117 3199 Quod
1133 3138 1216 3184 cum
1231 3114 1277 3186 ab
1294 3114 1527 3187 observatori-

454 3236 523 3309 bus
548 3231 641 3333 patri
667 3228 775 3301 meo‘
806 3226 957 3300 relatum
976 3228 1117 3322 firisset,
1146 3230 1250 3303 simili
1271 3256 1334 3303 eos
1358 3232 1523 3304 exercitio

454 3381 560 3459 posse
582 3353 654 3426 falli
675 3350 837 3423 advertit.
853 3350 971 3422 Refert
985 3350 999 3387 ⁰
1015 3376 1100 3449 ergo
1115 3377 1191 3425 sese
1209 3352 1256 3426 ad
1267 3379 1409 3452 regem,
1422 3370 1461 3429 et
1474 3356 1524 3427 sic

455 3480 551 3582 apud
568 3499 653 3550 eum
673 3472 905 3575 praesentibus
919 3474 1141 3576 paucissimis
1157 3488 1331 3577 concepta
1350 3477 1517 3550 effundit:

916 3664 1069 3720 LXXXIX.

505 3854 522 3895 ι(
533 3827 701 3938 Magnum
710 3821 894 3921 quidem,»
905 3822 1081 3921 inquiens,
1090 3823 1524 3918 «orexvideretur,siboc

488 4010 496 4041 ¹
510 4009 522 4041 ¹
534 4012 588 4079 jum
600 4027 629 4081 p.
643 4026 679 4060 m.

487 4116 498 4146 ³
510 4102 654 4185 josram—:li

488 4199 522 4231 ⁴⁸
533 4203 587 4270 jum
599 4219 627 4271 p.
642 4218 678 4252 rn.

487 4284 499 4313 ⁸
518 4282 635 4336 Contulit
649 4286 673 4334 l.
