<?xml version="1.0" encoding="UTF-8"?>
<!DOCTYPE html PUBLIC "-//W3C//DTD XHTML 1.0 Transitional//EN"
    "http://www.w3.org/TR/xhtml1/DTD/xhtml1-transitional.dtd">
<html xmlns="http://www.w3.org/1999/xhtml" xml:lang="en" lang="en">
 <head>
  <title>
</title>
<meta http-equiv="Content-Type" content="text/html;charset=utf-8" />
  <meta name='ocr-system' content='tesseract 3.04.00' />
  <meta name='ocr-capabilities' content='ocr_page ocr_carea ocr_par ocr_line ocrx_word'/>
</head>
<body>
  <div class='ocr_page' id='page_1' title='image "./richerhistoired02parigoog_0379.png"; bbox 0 0 3417 5392; ppageno 0'>
   <div class='ocr_carea' id='block_1_1' title="bbox 459 568 1536 1032">
    <p class='ocr_par' dir='ltr' id='par_1_1' title="bbox 460 568 1166 639">
     <span class='ocr_line' id='line_1_1' title="bbox 460 568 1166 639; baseline -0.008 0"><span class='ocrx_word' id='word_1_1' title='bbox 460 574 521 639; x_wconf 69' lang='lat'>256</span> <span class='ocrx_word' id='word_1_2' title='bbox 830 569 997 631; x_wconf 77' lang='lat' dir='ltr'>Rlcflltltl</span> <span class='ocrx_word' id='word_1_3' title='bbox 1019 569 1095 631; x_wconf 85' lang='lat' dir='ltr'>LlB.</span> <span class='ocrx_word' id='word_1_4' title='bbox 1123 568 1166 633; x_wconf 88' lang='lat' dir='ltr'>ll.</span> 
     </span>
    </p>

    <p class='ocr_par' dir='ltr' id='par_1_2' title="bbox 459 688 1536 1032">
     <span class='ocr_line' id='line_1_2' title="bbox 459 688 1536 788; baseline -0.001 -24"><span class='ocrx_word' id='word_1_5' title='bbox 459 718 541 765; x_wconf 90' lang='lat' dir='ltr'>mm</span> <span class='ocrx_word' id='word_1_6' title='bbox 555 690 724 765; x_wconf 81' lang='lat' dir='ltr'>loetaliter</span> <span class='ocrx_word' id='word_1_7' title='bbox 741 691 887 765; x_wconf 77' lang='lat' dir='ltr'><strong>sauciat.</strong></span> <span class='ocrx_word' id='word_1_8' title='bbox 917 692 1130 788; x_wconf 87' lang='lat' dir='ltr'>lnjeetisque</span> <span class='ocrx_word' id='word_1_9' title='bbox 1149 688 1270 787; x_wconf 85' lang='lat' dir='ltr'>jaculo</span> <span class='ocrx_word' id='word_1_10' title='bbox 1290 688 1449 786; x_wconf 82' lang='lat' dir='ltr'>ignibus,</span> <span class='ocrx_word' id='word_1_11' title='bbox 1470 688 1536 763; x_wconf 90' lang='lat' dir='ltr'>do-</span> 
     </span>
     <span class='ocr_line' id='line_1_3' title="bbox 459 812 1535 910; baseline -0.003 -22"><span class='ocrx_word' id='word_1_12' title='bbox 459 840 560 888; x_wconf 85' lang='lat' dir='ltr'>murn</span> <span class='ocrx_word' id='word_1_13' title='bbox 571 816 694 887; x_wconf 89' lang='lat' dir='ltr'>matris</span> <span class='ocrx_word' id='word_1_14' title='bbox 709 814 874 886; x_wconf 75' lang='lat' dir='ltr'>aecclesiae</span> <span class='ocrx_word' id='word_1_15' title='bbox 887 812 1070 886; x_wconf 85' lang='lat' dir='ltr'><strong>succendit</strong></span> <span class='ocrx_word' id='word_1_16' title='bbox 1080 812 1375 910; x_wconf 78' lang='lat' dir='ltr'>,claustrumque</span> <span class='ocrx_word' id='word_1_17' title='bbox 1388 814 1535 885; x_wconf 83' lang='lat' dir='ltr'>canoni·</span> 
     </span>
     <span class='ocr_line' id='line_1_4' title="bbox 459 929 1535 1032; baseline -0.004 -25"><span class='ocrx_word' id='word_1_18' title='bbox 459 931 948 1032; x_wconf 86' lang='lat' dir='ltr'>corumacpartemcivitatis</span> <span class='ocrx_word' id='word_1_19' title='bbox 960 931 1157 1028; x_wconf 86' lang='lat' dir='ltr'>majorem,</span> <span class='ocrx_word' id='word_1_20' title='bbox 1184 929 1325 1028; x_wconf 83' lang='lat' dir='ltr'>ignibus</span> <span class='ocrx_word' id='word_1_21' title='bbox 1338 930 1535 1003; x_wconf 88' lang='lat' dir='ltr'>solotenus</span> 
     </span>
    </p>
   </div>
   <div class='ocr_carea' id='block_1_2' title="bbox 457 1047 1536 1263">
    <p class='ocr_par' dir='ltr' id='par_1_3' title="bbox 457 1047 1536 1263">
     <span class='ocr_line' id='line_1_5' title="bbox 457 1047 1536 1147; baseline -0.006 -24"><span class='ocrx_word' id='word_1_22' title='bbox 457 1050 665 1123; x_wconf 86' lang='lat' dir='ltr'>combussit.</span> <span class='ocrx_word' id='word_1_23' title='bbox 692 1054 810 1137; x_wconf 89' lang='lat' dir='ltr'>Quam</span> <span class='ocrx_word' id='word_1_24' title='bbox 827 1060 912 1120; x_wconf 88' lang='lat' dir='ltr'>cum</span> <span class='ocrx_word' id='word_1_25' title='bbox 931 1072 1059 1146; x_wconf 84' lang='lat' dir='ltr'>capere</span> <span class='ocrx_word' id='word_1_26' title='bbox 1076 1070 1153 1118; x_wconf 89' lang='lat' dir='ltr'>non</span> <span class='ocrx_word' id='word_1_27' title='bbox 1172 1061 1310 1145; x_wconf 91' lang='lat' dir='ltr'>posset,</span> <span class='ocrx_word' id='word_1_28' title='bbox 1336 1047 1375 1119; x_wconf 91' lang='lat' dir='ltr'>in</span> <span class='ocrx_word' id='word_1_29' title='bbox 1398 1072 1536 1147; x_wconf 89' lang='lat' dir='ltr'>pagum</span> 
     </span>
     <span class='ocr_line' id='line_1_6' title="bbox 457 1162 1536 1263; baseline -0.004 -24"><span class='ocrx_word' id='word_1_30' title='bbox 457 1172 680 1256; x_wconf 85' lang='lat' dir='ltr'>Remensem,</span> <span class='ocrx_word' id='word_1_31' title='bbox 694 1164 757 1237; x_wconf 91' lang='lat' dir='ltr'>ubi</span> <span class='ocrx_word' id='word_1_32' title='bbox 765 1189 827 1236; x_wconf 82' lang='lat' dir='ltr'>rex</span> <span class='ocrx_word' id='word_1_33' title='bbox 841 1176 927 1235; x_wconf 92' lang='lat' dir='ltr'>tunc</span> <span class='ocrx_word' id='word_1_34' title='bbox 936 1162 1093 1263; x_wconf 91' lang='lat' dir='ltr'>privatus</span> <span class='ocrx_word' id='word_1_35' title='bbox 1107 1163 1327 1255; x_wconf 81' lang='lat' dir='ltr'><strong>morabatur,</strong></span> <span class='ocrx_word' id='word_1_36' title='bbox 1342 1164 1409 1236; x_wconf 89' lang='lat' dir='ltr'>iter</span> <span class='ocrx_word' id='word_1_37' title='bbox 1415 1179 1536 1236; x_wconf 71' lang='lat' dir='ltr'>aucu-</span> 
     </span>
    </p>
   </div>
   <div class='ocr_carea' id='block_1_3' title="bbox 455 1275 1534 1830">
    <p class='ocr_par' dir='ltr' id='par_1_4' title="bbox 455 1275 1534 1830">
     <span class='ocr_line' id='line_1_7' title="bbox 456 1275 1534 1377; baseline -0.005 -21"><span class='ocrx_word' id='word_1_38' title='bbox 456 1284 573 1357; x_wconf 89' lang='lat' dir='ltr'>lentus</span> <span class='ocrx_word' id='word_1_39' title='bbox 590 1283 750 1357; x_wconf 87' lang='lat' dir='ltr'>reflectit.</span> <span class='ocrx_word' id='word_1_40' title='bbox 777 1275 887 1377; x_wconf 86' lang='lat' dir='ltr'>Cujus</span> <span class='ocrx_word' id='word_1_41' title='bbox 908 1280 1105 1353; x_wconf 89' lang='lat' dir='ltr'>adventum</span> <span class='ocrx_word' id='word_1_42' title='bbox 1129 1279 1154 1350; x_wconf 95' lang='lat' dir='ltr'>ii</span> <span class='ocrx_word' id='word_1_43' title='bbox 1175 1280 1239 1377; x_wconf 92' lang='lat' dir='ltr'>qui</span> <span class='ocrx_word' id='word_1_44' title='bbox 1257 1280 1335 1350; x_wconf 87' lang='lat' dir='ltr'>ruri</span> <span class='ocrx_word' id='word_1_45' title='bbox 1354 1278 1534 1377; x_wconf 84' lang='lat' dir='ltr'>degebant</span> 
     </span>
     <span class='ocr_line' id='line_1_8' title="bbox 456 1394 1534 1490; baseline -0.004 -19"><span class='ocrx_word' id='word_1_46' title='bbox 456 1400 640 1473; x_wconf 85' lang='lat' dir='ltr'>audientes</span> <span class='ocrx_word' id='word_1_47' title='bbox 652 1453 662 1490; x_wconf 97' lang='lat'>,</span> <span class='ocrx_word' id='word_1_48' title='bbox 688 1399 726 1469; x_wconf 93' lang='lat' dir='ltr'>in</span> <span class='ocrx_word' id='word_1_49' title='bbox 746 1396 919 1469; x_wconf 83' lang='lat' dir='ltr'>aecclesias</span> <span class='ocrx_word' id='word_1_50' title='bbox 931 1412 1138 1469; x_wconf 87' lang='lat' dir='ltr'>sanctorum</span> <span class='ocrx_word' id='word_1_51' title='bbox 1150 1421 1235 1475; x_wconf 89' lang='lat' dir='ltr'>cum</span> <span class='ocrx_word' id='word_1_52' title='bbox 1245 1395 1318 1467; x_wconf 88' lang='lat' dir='ltr'>suis</span> <span class='ocrx_word' id='word_1_53' title='bbox 1329 1394 1435 1469; x_wconf 87' lang='lat' dir='ltr'>rebus</span> <span class='ocrx_word' id='word_1_54' title='bbox 1445 1420 1534 1467; x_wconf 91' lang='lat' dir='ltr'>con·</span> 
     </span>
     <span class='ocr_line' id='line_1_9' title="bbox 455 1512 1530 1615; baseline -0.005 -25"><span class='ocrx_word' id='word_1_55' title='bbox 455 1517 606 1615; x_wconf 84' lang='lat' dir='ltr'>fugiunt.</span> <span class='ocrx_word' id='word_1_56' title='bbox 639 1520 682 1603; x_wconf 74' lang='lat' dir='ltr'>tlt</span> <span class='ocrx_word' id='word_1_57' title='bbox 710 1514 871 1589; x_wconf 73' lang='lat' dir='ltr'>mannus</span> <span class='ocrx_word' id='word_1_58' title='bbox 898 1538 1100 1615; x_wconf 91' lang='lat' dir='ltr'>pauperum</span> <span class='ocrx_word' id='word_1_59' title='bbox 1123 1512 1237 1586; x_wconf 89' lang='lat' dir='ltr'>turbis</span> <span class='ocrx_word' id='word_1_60' title='bbox 1261 1514 1530 1604; x_wconf 79' lang='lat' dir='ltr'>inmisericors,</span> 
     </span>
     <span class='ocr_line' id='line_1_10' title="bbox 456 1630 1532 1732; baseline -0.004 -25"><span class='ocrx_word' id='word_1_61' title='bbox 456 1658 584 1707; x_wconf 85' lang='lat' dir='ltr'>eorum</span> <span class='ocrx_word' id='word_1_62' title='bbox 595 1632 675 1732; x_wconf 95' lang='lat' dir='ltr'>plus</span> <span class='ocrx_word' id='word_1_63' title='bbox 686 1656 795 1731; x_wconf 92' lang='lat' dir='ltr'>quam</span> <span class='ocrx_word' id='word_1_64' title='bbox 808 1634 879 1706; x_wconf 81' lang='lat'>560</span> <span class='ocrx_word' id='word_1_65' title='bbox 897 1630 1174 1705; x_wconf 79' lang='lat' dir='ltr'>intraaecclesias</span> <span class='ocrx_word' id='word_1_66' title='bbox 1189 1630 1415 1705; x_wconf 78' lang='lat' dir='ltr'>succendisse</span> <span class='ocrx_word' id='word_1_67' title='bbox 1427 1630 1532 1703; x_wconf 79' lang='lat' dir='ltr'>tradi·</span> 
     </span>
     <span class='ocr_line' id='line_1_11' title="bbox 455 1752 971 1830; baseline -0.01 0"><span class='ocrx_word' id='word_1_68' title='bbox 455 1772 526 1830; x_wconf 89' lang='lat' dir='ltr'>tur.</span> <span class='ocrx_word' id='word_1_69' title='bbox 546 1761 592 1829; x_wconf 85' lang='lat' dir='ltr'>Et</span> <span class='ocrx_word' id='word_1_70' title='bbox 608 1757 659 1829; x_wconf 85' lang='lat' dir='ltr'>sic</span> <span class='ocrx_word' id='word_1_71' title='bbox 670 1755 717 1829; x_wconf 89' lang='lat' dir='ltr'>ad</span> <span class='ocrx_word' id='word_1_72' title='bbox 728 1780 793 1827; x_wconf 86' lang='lat' dir='ltr'>sua</span> <span class='ocrx_word' id='word_1_73' title='bbox 809 1752 971 1827; x_wconf 83' lang='lat' dir='ltr'>refertur.</span> 
     </span>
    </p>
   </div>
   <div class='ocr_carea' id='block_1_4' title="bbox 454 1951 1526 2323">
    <p class='ocr_par' dir='ltr' id='par_1_5' title="bbox 454 1951 1526 2323">
     <span class='ocr_line' id='line_1_12' title="bbox 924 1951 1075 2007; baseline -0.026 0"><span class='ocrx_word' id='word_1_74' title='bbox 924 1951 1075 2007; x_wconf 78' lang='lat' dir='ltr'><strong>LXXXVI.</strong></span> 
     </span>
     <span class='ocr_line' id='line_1_13' title="bbox 504 2078 1526 2204; baseline -0.004 -22"><span class='ocrx_word' id='word_1_75' title='bbox 504 2110 576 2182; x_wconf 81' lang='lat' dir='ltr'>Rex</span> <span class='ocrx_word' id='word_1_76' title='bbox 587 2132 673 2181; x_wconf 80' lang='lat' dir='ltr'>vero</span> <span class='ocrx_word' id='word_1_77' title='bbox 686 2078 888 2181; x_wconf 83' lang='lat' dir='ltr'>Ludovicus</span> <span class='ocrx_word' id='word_1_78' title='bbox 896 2104 1115 2204; x_wconf 83' lang='lat' dir='ltr'>Gerbergam</span> <span class='ocrx_word' id='word_1_79' title='bbox 1128 2106 1288 2203; x_wconf 87' lang='lat' dir='ltr'>reginam</span> <span class='ocrx_word' id='word_1_80' title='bbox 1298 2104 1346 2179; x_wconf 89' lang='lat' dir='ltr'>ad</span> <span class='ocrx_word' id='word_1_81' title='bbox 1357 2109 1526 2179; x_wconf 85' lang='lat' dir='ltr'>ottonem</span> 
     </span>
     <span class='ocr_line' id='line_1_14' title="bbox 454 2220 1524 2323; baseline -0.005 -24"><span class='ocrx_word' id='word_1_82' title='bbox 454 2227 598 2299; x_wconf 80' lang='lat' dir='ltr'>fratrem</span> <span class='ocrx_word' id='word_1_83' title='bbox 616 2249 721 2299; x_wconf 85' lang='lat' dir='ltr'>suum</span> <span class='ocrx_word' id='word_1_84' title='bbox 736 2220 871 2320; x_wconf 84' lang='lat' dir='ltr'>dirigit,</span> <span class='ocrx_word' id='word_1_85' title='bbox 900 2237 941 2293; x_wconf 90' lang='lat' dir='ltr'>ut</span> <span class='ocrx_word' id='word_1_86' title='bbox 957 2221 1023 2294; x_wconf 87' lang='lat' dir='ltr'>sibi</span> <span class='ocrx_word' id='word_1_87' title='bbox 1035 2223 1158 2323; x_wconf 88' lang='lat' dir='ltr'>copias</span> <span class='ocrx_word' id='word_1_88' title='bbox 1180 2222 1353 2294; x_wconf 89' lang='lat' dir='ltr'>acceleret</span> <span class='ocrx_word' id='word_1_89' title='bbox 1367 2221 1395 2294; x_wconf 79' lang='lat'>⁴.</span> <span class='ocrx_word' id='word_1_90' title='bbox 1420 2222 1524 2295; x_wconf 84' lang='lat' dir='ltr'>Proli</span> 
     </span>
    </p>
   </div>
   <div class='ocr_carea' id='block_1_5' title="bbox 454 2338 1626 2441">
    <p class='ocr_par' dir='ltr' id='par_1_6' title="bbox 454 2338 1626 2441">
     <span class='ocr_line' id='line_1_15' title="bbox 454 2338 1626 2441; baseline 0 -28"><span class='ocrx_word' id='word_1_91' title='bbox 454 2342 596 2441; x_wconf 73' lang='lat' dir='ltr'>ciscitur</span> <span class='ocrx_word' id='word_1_92' title='bbox 616 2340 737 2439; x_wconf 90' lang='lat' dir='ltr'>itaque</span> <span class='ocrx_word' id='word_1_93' title='bbox 769 2338 980 2411; x_wconf 86' lang='lat' dir='ltr'>imminente</span> <span class='ocrx_word' id='word_1_94' title='bbox 1010 2338 1272 2439; x_wconf 84' lang='lat' dir='ltr'>sollempnitate</span> <span class='ocrx_word' id='word_1_95' title='bbox 1297 2338 1455 2439; x_wconf 82' lang='lat' dir='ltr'>pascali,</span> <span class='ocrx_word' id='word_1_96' title='bbox 1493 2352 1525 2413; x_wconf 85' lang='lat' dir='ltr'>et</span> <span class='ocrx_word' id='word_1_97' title='bbox 1623 2388 1626 2393; x_wconf 93' lang='lat'><em>-</em></span> 
     </span>
    </p>
   </div>
   <div class='ocr_carea' id='block_1_6' title="bbox 451 2442 1527 3027">
    <p class='ocr_par' dir='ltr' id='par_1_7' title="bbox 451 2442 1527 3027">
     <span class='ocr_line' id='line_1_16' title="bbox 455 2442 1527 2557; baseline -0.002 -26"><span class='ocrx_word' id='word_1_98' title='bbox 455 2458 663 2557; x_wconf 77' lang='lat' dir='ltr'>Aquisgrani</span> <span class='ocrx_word' id='word_1_99' title='bbox 680 2455 812 2555; x_wconf 90' lang='lat' dir='ltr'>palatio</span> <span class='ocrx_word' id='word_1_100' title='bbox 834 2468 998 2527; x_wconf 86' lang='lat' dir='ltr'>sanctum</span> <span class='ocrx_word' id='word_1_101' title='bbox 1017 2454 1152 2527; x_wconf 80' lang='lat' dir='ltr'>Pascha</span> <span class='ocrx_word' id='word_1_102' title='bbox 1168 2480 1253 2527; x_wconf 90' lang='lat' dir='ltr'>cum</span> <span class='ocrx_word' id='word_1_103' title='bbox 1270 2455 1377 2529; x_wconf 82' lang='lat' dir='ltr'>fratre</span> <span class='ocrx_word' id='word_1_104' title='bbox 1394 2442 1527 2529; x_wconf 79' lang='lat' dir='ltr'>ottone</span> 
     </span>
     <span class='ocr_line' id='line_1_17' title="bbox 452 2577 1523 2679; baseline -0.003 -26"><span class='ocrx_word' id='word_1_105' title='bbox 452 2580 618 2654; x_wconf 84' lang='lat' dir='ltr'>celebrat.</span> <span class='ocrx_word' id='word_1_106' title='bbox 634 2578 861 2651; x_wconf 89' lang='lat' dir='ltr'>Conveniunt</span> <span class='ocrx_word' id='word_1_107' title='bbox 878 2601 922 2649; x_wconf 84' lang='lat' dir='ltr'>cx</span> <span class='ocrx_word' id='word_1_108' title='bbox 932 2577 1124 2649; x_wconf 86' lang='lat' dir='ltr'>Germania</span> <span class='ocrx_word' id='word_1_109' title='bbox 1143 2578 1323 2679; x_wconf 89' lang='lat' dir='ltr'>principes</span> <span class='ocrx_word' id='word_1_110' title='bbox 1340 2577 1523 2669; x_wconf 81' lang='lat' dir='ltr'>nonnulli;</span> 
     </span>
     <span class='ocr_line' id='line_1_18' title="bbox 453 2686 1519 2793; baseline -0.001 -26"><span class='ocrx_word' id='word_1_111' title='bbox 453 2691 584 2768; x_wconf 88' lang='lat' dir='ltr'>adsunt</span> <span class='ocrx_word' id='word_1_112' title='bbox 606 2720 649 2767; x_wconf 83' lang='lat' dir='ltr'>ex</span> <span class='ocrx_word' id='word_1_113' title='bbox 666 2693 804 2793; x_wconf 84' lang='lat' dir='ltr'>Belgica</span> <span class='ocrx_word' id='word_1_114' title='bbox 828 2686 997 2765; x_wconf 83' lang='lat' dir='ltr'>universi.</span> <span class='ocrx_word' id='word_1_115' title='bbox 1027 2696 1099 2765; x_wconf 90' lang='lat' dir='ltr'>Nec</span> <span class='ocrx_word' id='word_1_116' title='bbox 1123 2693 1255 2774; x_wconf 54' lang='lat' dir='ltr'>desunt,</span> <span class='ocrx_word' id='word_1_117' title='bbox 1272 2693 1377 2793; x_wconf 88' lang='lat' dir='ltr'>legati</span> <span class='ocrx_word' id='word_1_118' title='bbox 1398 2698 1519 2767; x_wconf 89' lang='lat' dir='ltr'>Greco</span> 
     </span>
     <span class='ocr_line' id='line_1_19' title="bbox 452 2808 1517 2912; baseline 0.001 -29"><span class='ocrx_word' id='word_1_119' title='bbox 452 2837 546 2903; x_wconf 93' lang='lat' dir='ltr'>rum,</span> <span class='ocrx_word' id='word_1_120' title='bbox 580 2808 769 2901; x_wconf 89' lang='lat' dir='ltr'>Italorum,</span> <span class='ocrx_word' id='word_1_121' title='bbox 801 2808 1023 2907; x_wconf 76' lang='lat' dir='ltr'>Anglorum,</span> <span class='ocrx_word' id='word_1_122' title='bbox 1051 2824 1159 2907; x_wconf 64' lang='lat' dir='ltr'>atque</span> <span class='ocrx_word' id='word_1_123' title='bbox 1187 2810 1340 2883; x_wconf 88' lang='lat' dir='ltr'>aliorum</span> <span class='ocrx_word' id='word_1_124' title='bbox 1364 2810 1517 2912; x_wconf 86' lang='lat' dir='ltr'>plurima</span> 
     </span>
     <span class='ocr_line' id='line_1_20' title="bbox 451 2926 1513 3027; baseline 0 -26"><span class='ocrx_word' id='word_1_125' title='bbox 451 2928 643 3027; x_wconf 87' lang='lat' dir='ltr'>legationes</span> <span class='ocrx_word' id='word_1_126' title='bbox 654 2926 886 3027; x_wconf 91' lang='lat' dir='ltr'>populorum.</span> <span class='ocrx_word' id='word_1_127' title='bbox 903 2926 1037 3025; x_wconf 84' lang='lat' dir='ltr'>Regina</span> <span class='ocrx_word' id='word_1_128' title='bbox 1052 2952 1151 3025; x_wconf 88' lang='lat' dir='ltr'>ergo,</span> <span class='ocrx_word' id='word_1_129' title='bbox 1167 2928 1364 3001; x_wconf 84' lang='lat' dir='ltr'>cumfratre</span> <span class='ocrx_word' id='word_1_130' title='bbox 1375 2928 1513 3001; x_wconf 78' lang='lat' dir='ltr'>consili(</span> 
     </span>
    </p>
   </div>
   <div class='ocr_carea' id='block_1_7' title="bbox 338 3042 1618 3261">
    <p class='ocr_par' dir='ltr' id='par_1_8' title="bbox 338 3042 1618 3261">
     <span class='ocr_line' id='line_1_21' title="bbox 451 3042 1618 3156; baseline 0.003 -38"><span class='ocrx_word' id='word_1_131' title='bbox 451 3044 574 3118; x_wconf 88' lang='lat' dir='ltr'>habito</span> <span class='ocrx_word' id='word_1_132' title='bbox 594 3059 631 3117; x_wconf 95' lang='lat' dir='ltr'>et</span> <span class='ocrx_word' id='word_1_133' title='bbox 650 3058 796 3144; x_wconf 83' lang='lat' dir='ltr'>accepta</span> <span class='ocrx_word' id='word_1_134' title='bbox 819 3042 929 3117; x_wconf 90' lang='lat' dir='ltr'>abeo</span> <span class='ocrx_word' id='word_1_135' title='bbox 955 3043 1076 3118; x_wconf 82' lang='lat' dir='ltr'>emilii</span> <span class='ocrx_word' id='word_1_136' title='bbox 1098 3042 1377 3145; x_wconf 85' lang='lat' dir='ltr'>pollicitatione,</span> <span class='ocrx_word' id='word_1_137' title='bbox 1402 3071 1510 3121; x_wconf 83' lang='lat' dir='ltr'>secun</span> <span class='ocrx_word' id='word_1_138' title='bbox 1603 3134 1618 3156; x_wconf 34' lang='grc' dir='ltr'><em>θ</em></span> 
     </span>
     <span class='ocr_line' id='line_1_22' title="bbox 338 3158 1037 3261; baseline -0.003 -27"><span class='ocrx_word' id='word_1_139' title='bbox 338 3191 342 3198; x_wconf 96' lang='grc'><strong><em>·</em></strong></span> <span class='ocrx_word' id='word_1_140' title='bbox 450 3161 630 3261; x_wconf 86' lang='lat' dir='ltr'>abregem</span> <span class='ocrx_word' id='word_1_141' title='bbox 639 3160 862 3233; x_wconf 85' lang='lat' dir='ltr'>Ludovicum</span> <span class='ocrx_word' id='word_1_142' title='bbox 875 3158 978 3233; x_wconf 88' lang='lat' dir='ltr'>redit.</span> <span class='ocrx_word' id='word_1_143' title='bbox 1033 3244 1037 3250; x_wconf 21' lang='lat'><strong>¹</strong></span> 
     </span>
    </p>
   </div>
   <div class='ocr_carea' id='block_1_8' title="bbox 902 3393 1069 3449">
    <p class='ocr_par' dir='ltr' id='par_1_9' title="bbox 902 3393 1069 3449">
     <span class='ocr_line' id='line_1_23' title="bbox 902 3393 1069 3449; baseline -0.012 1"><span class='ocrx_word' id='word_1_144' title='bbox 902 3393 1069 3449; x_wconf 81' lang='lat' dir='ltr'>mxvn.</span> 
     </span>
    </p>
   </div>
   <div class='ocr_carea' id='block_1_9' title="bbox 447 3550 1521 4013">
    <p class='ocr_par' dir='ltr' id='par_1_10' title="bbox 447 3550 1521 4013">
     <span class='ocr_line' id='line_1_24' title="bbox 496 3550 1521 3646; baseline 0.005 -24"><span class='ocrx_word' id='word_1_145' title='bbox 496 3550 699 3623; x_wconf 87' lang='lat' dir='ltr'>Ludovicus</span> <span class='ocrx_word' id='word_1_146' title='bbox 710 3575 797 3625; x_wconf 83' lang='lat' dir='ltr'>vero</span> <span class='ocrx_word' id='word_1_147' title='bbox 816 3552 854 3624; x_wconf 94' lang='lat' dir='ltr'>in</span> <span class='ocrx_word' id='word_1_148' title='bbox 869 3552 1053 3625; x_wconf 87' lang='lat' dir='ltr'>tirannum</span> <span class='ocrx_word' id='word_1_149' title='bbox 1070 3554 1193 3646; x_wconf 87' lang='lat' dir='ltr'>iratus,</span> <span class='ocrx_word' id='word_1_150' title='bbox 1208 3556 1322 3627; x_wconf 89' lang='lat' dir='ltr'>nimio</span> <span class='ocrx_word' id='word_1_151' title='bbox 1335 3554 1447 3627; x_wconf 89' lang='lat' dir='ltr'>animi</span> <span class='ocrx_word' id='word_1_152' title='bbox 1457 3555 1521 3627; x_wconf 83' lang='lat' dir='ltr'>ler-</span> 
     </span>
     <span class='ocr_line' id='line_1_25' title="bbox 449 3664 1521 3770; baseline 0.006 -30"><span class='ocrx_word' id='word_1_153' title='bbox 449 3692 536 3741; x_wconf 83' lang='lat' dir='ltr'>vore</span> <span class='ocrx_word' id='word_1_154' title='bbox 547 3669 689 3743; x_wconf 89' lang='lat' dir='ltr'>Ottouis</span> <span class='ocrx_word' id='word_1_155' title='bbox 707 3664 877 3744; x_wconf 74' lang='lat' dir='ltr'>auxilium</span> <span class='ocrx_word' id='word_1_156' title='bbox 889 3672 1084 3770; x_wconf 74' lang='lat' dir='ltr'>praevenire</span> <span class='ocrx_word' id='word_1_157' title='bbox 1101 3670 1350 3761; x_wconf 84' lang='lat' dir='ltr'>meditabatur.</span> <span class='ocrx_word' id='word_1_158' title='bbox 1373 3672 1521 3746; x_wconf 81' lang='lat' dir='ltr'>Arbitra-</span> 
     </span>
     <span class='ocr_line' id='line_1_26' title="bbox 447 3790 1519 3898; baseline 0.006 -34"><span class='ocrx_word' id='word_1_159' title='bbox 447 3790 555 3866; x_wconf 90' lang='lat' dir='ltr'>batur</span> <span class='ocrx_word' id='word_1_160' title='bbox 571 3794 704 3866; x_wconf 82' lang='lat' dir='ltr'>etenim</span> <span class='ocrx_word' id='word_1_161' title='bbox 726 3794 918 3892; x_wconf 89' lang='lat' dir='ltr'>quoniam,</span> <span class='ocrx_word' id='word_1_162' title='bbox 950 3794 990 3867; x_wconf 90' lang='lat' dir='ltr'>in</span> <span class='ocrx_word' id='word_1_163' title='bbox 1011 3795 1120 3895; x_wconf 83' lang='lat' dir='ltr'>longa</span> <span class='ocrx_word' id='word_1_164' title='bbox 1147 3798 1321 3869; x_wconf 82' lang='lat' dir='ltr'>exercitus</span> <span class='ocrx_word' id='word_1_165' title='bbox 1345 3811 1519 3898; x_wconf 84' lang='lat' dir='ltr'>exspecta·</span> 
     </span>
     <span class='ocr_line' id='line_1_27' title="bbox 448 3910 1516 4013; baseline 0.004 -30"><span class='ocrx_word' id='word_1_166' title='bbox 448 3910 566 4005; x_wconf 89' lang='lat' dir='ltr'>tione,</span> <span class='ocrx_word' id='word_1_167' title='bbox 596 3910 726 4009; x_wconf 86' lang='lat' dir='ltr'>injuria</span> <span class='ocrx_word' id='word_1_168' title='bbox 753 3911 868 3986; x_wconf 88' lang='lat' dir='ltr'>inulta</span> <span class='ocrx_word' id='word_1_169' title='bbox 888 3910 1080 3987; x_wconf 82' lang='lat' dir='ltr'>rideretur.</span> <span class='ocrx_word' id='word_1_170' title='bbox 1113 3913 1261 3989; x_wconf 82' lang='lat' dir='ltr'>Confert</span> <span class='ocrx_word' id='word_1_171' title='bbox 1286 3914 1408 4013; x_wconf 81' lang='lat' dir='ltr'>itaque</span> <span class='ocrx_word' id='word_1_172' title='bbox 1434 3938 1516 3987; x_wconf 88' lang='lat' dir='ltr'>cum</span> 
     </span>
    </p>
   </div>
   <div class='ocr_carea' id='block_1_10' title="bbox 442 4147 1513 4367">
    <p class='ocr_par' dir='ltr' id='par_1_11' title="bbox 442 4147 1513 4367">
     <span class='ocr_line' id='line_1_28' title="bbox 481 4147 1513 4223; baseline 0.001 -21"><span class='ocrx_word' id='word_1_173' title='bbox 481 4148 600 4220; x_wconf 75' lang='lat' dir='ltr'>&#39;copias</span> <span class='ocrx_word' id='word_1_174' title='bbox 621 4147 720 4213; x_wconf 81' lang='lat' dir='ltr'>mittat,</span> <span class='ocrx_word' id='word_1_175' title='bbox 745 4148 805 4201; x_wconf 86' lang='lat' dir='ltr'>licet</span> <span class='ocrx_word' id='word_1_176' title='bbox 827 4148 883 4221; x_wconf 81' lang='lat' dir='ltr'>ipae</span> <span class='ocrx_word' id='word_1_177' title='bbox 904 4150 1048 4203; x_wconf 85' lang='lat' dir='ltr'>exercitum</span> <span class='ocrx_word' id='word_1_178' title='bbox 1072 4150 1212 4203; x_wconf 83' lang='lat' dir='ltr'>collectum</span> <span class='ocrx_word' id='word_1_179' title='bbox 1232 4151 1378 4217; x_wconf 67' lang='lat' dir='ltr'>remiserit,</span> <span class='ocrx_word' id='word_1_180' title='bbox 1396 4164 1424 4204; x_wconf 85' lang='lat' dir='ltr'>et</span> <span class='ocrx_word' id='word_1_181' title='bbox 1443 4150 1513 4223; x_wconf 87' lang='lat' dir='ltr'>[non</span> 
     </span>
     <span class='ocr_line' id='line_1_29' title="bbox 442 4229 1513 4367; baseline -0.001 -79"><span class='ocrx_word' id='word_1_182' title='bbox 442 4246 525 4367; x_wconf 50' lang='lat' dir='ltr'>w:</span> <span class='ocrx_word' id='word_1_183' title='bbox 538 4244 598 4303; x_wconf 78' lang='lat' dir='ltr'>post</span> <span class='ocrx_word' id='word_1_184' title='bbox 608 4230 721 4286; x_wconf 82' lang='lat' dir='ltr'>hiemem</span> <span class='ocrx_word' id='word_1_185' title='bbox 733 4250 797 4284; x_wconf 72' lang='lat' dir='ltr'>corr.</span> <span class='ocrx_word' id='word_1_186' title='bbox 813 4229 856 4315; x_wconf 83' lang='lat' dir='ltr'>et]</span> <span class='ocrx_word' id='word_1_187' title='bbox 878 4250 960 4304; x_wconf 75' lang='lat' dir='ltr'>nsque</span> <span class='ocrx_word' id='word_1_188' title='bbox 973 4245 1034 4305; x_wconf 65' lang='lat' dir='ltr'>pon</span> <span class='ocrx_word' id='word_1_189' title='bbox 1043 4251 1091 4288; x_wconf 80' lang='lat' dir='ltr'>rer</span> <span class='ocrx_word' id='word_1_190' title='bbox 1101 4251 1157 4290; x_wconf 86' lang='lat' dir='ltr'>non</span> <span class='ocrx_word' id='word_1_191' title='bbox 1174 4252 1340 4289; x_wconf 71' lang='lat' dir='ltr'>termarum</span> <span class='ocrx_word' id='word_1_192' title='bbox 1356 4232 1513 4289; x_wconf 69' lang='lat' dir='ltr'>continuerit</span> 
     </span>
    </p>
   </div>
   <div class='ocr_carea' id='block_1_11' title="bbox 0 0 1714 5392">
    <p class='ocr_par' dir='ltr' id='par_1_12' title="bbox 0 0 1714 5392">
     <span class='ocr_line' id='line_1_30' title="bbox 0 0 1714 5392; baseline 0 5"><span class='ocrx_word' id='word_1_193' title='bbox 0 0 1714 5392; x_wconf 95' lang='lat' dir='ltr'> </span> 
     </span>
    </p>
   </div>
  </div>
 </body>
</html>
