3417 5392
453 554 510 613 198
807 555 970 618 RlCHERl
996 558 1072 620 ΗΒ.
1095 557 1138 617 tl.

451 696 681 770 cognoscens,
697 675 765 746 sub
775 693 997 751 sacramento
1015 680 1193 750 minorem
1204 676 1336 774 dirigit,
1348 676 1524 773 majorem

452 790 590 863 mittere
616 792 731 864 evinci
755 817 830 865 non
861 794 983 874 valens
1001 824 1010 866 ι
1030 818 1115 868 nam
1141 793 1217 867 duo
1243 809 1382 867 tantum
1405 810 1521 867 erant.

451 908 591 979 Minore
616 932 701 1009 ergo
733 908 858 983 obside
882 912 1051 1003 oblato‘,
1080 911 1309 985 Norunannis
1335 935 1411 984 uon
1440 912 1525 982 satis

452 1023 533 1117 suit3
553 1026 727 1123 majorem
744 1027 942 1102 admodum
959 1029 1157 1129 petentes’.
1184 1028 1255 1101 Sed
1277 1028 1361 1127 quia
1383 1026 1427 1099 iis
1444 1026 1525 1125 qui·

452 1136 520 1213 bus
538 1140 678 1217 fidelior
694 1169 796 1217 mens
814 1145 940 1237 inerat,
963 1146 1080 1217 visum
1098 1162 1151 1218 est
1168 1145 1273 1243 regiae
1289 1144 1408 1244 stirpis
1424 1140 1526 1215 nobi·

452 1256 586 1331 litatem
610 1284 715 1359 posse
741 1263 883 1359 penitus
900 1261 1052 1352 absumi,
1077 1263 1108 1333 si
1131 1257 1372 1336 desertoribus
1399 1284 1526 1333 omnes

453 1372 516 1445 filii
526 1400 610 1447 cum
626 1391 726 1475 patre
743 1390 944 1468 teneantur,
964 1377 1003 1450 id
1019 1402 1095 1451 sese
1112 1402 1188 1451 uon
1205 1378 1360 1451 facturos
1375 1400 1526 1475 respon·

453 1488 602 1582 derunt3
618 1492 796 1566 minorem
809 1508 950 1566 tantum
965 1493 1124 1582 daturos,
1144 1510 1181 1566 et
1197 1519 1265 1593 pro
1283 1492 1419 1589 majore
1431 1517 1477 1565 ex
1488 1518 1526 1564 se

454 1606 539 1704 ipsis
561 1630 823 1707 quemcumque
840 1624 966 1708 petant
987 1608 1207 1681 dimissuros.
1229 1608 1424 1681 Widonem
1440 1632 1526 1707 ergo

454 1726 665 1795 suessorum
684 1726 905 1823 episcopum,
926 1748 1035 1823 quem
1050 1726 1144 1798 inter
1161 1748 1286 1799 omnes
1303 1725 1527 1824 potissimum

455 1838 637 1932 videbant,
655 1856 836 1941 expetunt,
857 1866 899 1914 ac
912 1866 981 1942 pro
1001 1840 1127 1920 obside
1141 1825 1333 1939 cum'regis
1351 1840 1425 1913 filio
1444 1842 1529 1912 reci·

456 1954 572 2055 piunt.
594 1958 667 2030 Rex
681 1959 803 2061 ‚itaque
818 1958 997 2051 dimissus,
1013 1982 1097 2030 curu
1116 1981 1138 2030 a
1155 1956 1247 2032 duoe
1264 1958 1303 2030 in
1316 1982 1382 2030 sua
1397 1956 1528 2030 deduci

456 2086 653 2171 putaretur,
671 2072 866 2148 abeodem
884 2064 1051 2149 detentus
1061 2089 1127 2167 est,
1147 2099 1189 2147 ao
1204 2071 1404 2147 Teutboldo
1418 2077 1529 2145 Turo-

449 2172 541 2263 'nico
564 2192 817 2266 custodiendus
840 2193 1041 2293 deputatur.
1076 2192 1181 2266 Unde
1211 2206 1248 2265 et
1269 2191 1530 2263 manifestatum

458 2305 536 2397 fuit,
557 2309 660 2406 regiae
679 2307 780 2382 linem
795 2308 917 2400 decus,
936 2309 974 2380 in
991 2307 1241 2407 absumptione
1258 2309 1368 2408 patris
1389 2322 1428 2379 et
1443 2306 1531 2377 filio-

460 2448 559 2516 rum,
574 2426 715 2523 penitus
728 2426 872 2499 abolere
896 2428 1078 2498 tirannum
1091 2424 1257 2497 voluisse.
1286 2427 1335 2496 tte
1353 2438 1475 2495 autem
1491 2424 1530 2493 in

462 2544 681 2616 contrarium
693 2542 814 2636 ducta,
827 2566 922 2616 unus
939 2541 1103 2615 tantum⁸
1117 2542 1208 2639 ragis
1223 2539 1316 2613 filius
1329 2564 1350 2611 a
1365 2541 1531 2641 captione

462 2656 645 2757 superfuit.

464 2964 712 3077 linx-(inoffi
732 3021 760 3063 et
776 3006 934 3063 Edmundus
950 3025 1024 3078 reges
1040 3004 1333 3074 ’,Germanoruwet
1351 3004 1532 3076 Angiorum¹,

765 3092 793 3147 in
809 3091 905 3147 duoem
919 3090 993 3165 pro*
1007 3108 1068 3163 rege
1079 3101 1228 3145 moventur.

513 3259 622 3355 Cujus
635 3260 686 3333 rei
702 3259 870 3333 ordinem
884 3260 898 3297 ⁸
916 3260 1039 3358 regina
1051 3284 1137 3332 mox
1147 3284 1213 3359 per
1223 3246 1357 3355 legatos
1373 3271 1533 3333 oratores

464 3375 658 3449 Edmundo
682 3376 877 3476 Anglorum
900 3379 1096 3476 Ottouique
1115 3374 1457 3449 Transrhenensium
1480 3399 1534 3445 re·

465 3492 566 3593 gibus
583 3492 735 3609 indicat,
758 3520 800 3568 ac
813 3520 920 3595 super
932 3495 1002 3568 hoo
1015 3494 1255 3593 gravissimam
1274 3490 1534 3591 querimoniam

464 3604 587 3683 litteris
597 3598 757 3685 habitam
769 3612 887 3685 mittit.
905 3616 990 3686 Otto
1008 3613 1100 3711 regis
1118 3636 1159 3684 ac
1175 3610 1307 3683 sororis
1324 3633 1448 3680 casum
1468 3606 1532 3678 do·

465 3727 561 3819 lens,
587 3754 655 3829 pro
678 3730 901 3803 restitutione
917 3730 1030 3829 regis,
1053 3728 1195 3828 Hugoni
1215 3750 1301 3799 mox
1319 3724 1531 3823 legationem

501 3968 517 4001 *
535 3966 898 4039 0‚q,„n,r,preaoonject.

502 4049 633 4103 'datoi.

500 4130 514 4164 ³
531 4145 675 4204 quereum
687 4136 713 4186 i.

502 4218 514 4249 ⁸
532 4218 568 4269 ita
584 4236 652 4270 corr„

503 4306 513 4336 ⁴
535 4304 595 4373 Quo»
606 4318 746 4379 sequautur,
755 4311 848 4381 passim
864 4328 879 4359 a
895 4309 1025 4360 Trithmio
1036 4327 1052 4359 a
1064 4310 1116 4359 tto
1129 4309 1249 4379 exscripta
1261 4317 1327 4357 sunt.
