3417 5392
454 499 492 556 n
776 463 781 467 ’
829 492 996 554 irenen
1020 495 1094 556 un.
1121 496 1145 553 1.

453 630 514 688 tat.
537 617 610 685 Rex
622 625 762 684 tantum
774 612 910 685 facinus
923 614 1124 712 indignans,
1140 614 1360 712 principibus
1377 616 1524 688 fremen-

452 729 546 803 tibus
558 728 776 802 homicidam
788 730 866 827 rapi
880 754 920 800 ac
934 729 1101 802 trucidari
1110 729 1223 826 jubet.
1239 729 1299 802 llle
1313 730 1431 829 gladio
1444 758 1525 830 pro

447 848 543 942 jecto
568 846 722 943 fugiens,
753 844 865 915 sancti
891 845 1062 916 Marcialis
1088 870 1186 918 aram
1215 846 1422 944 complexus
1451 865 1520 940 est;

450 962 707 1059 indulgentiam
732 960 778 1032 ab
797 985 878 1057 rege
901 986 942 1032 ac
959 961 1168 1060 primatibus
1189 963 1388 1061 postulans,
1418 978 1523 1061 atque

450 1078 621 1178 loquendi
649 1079 770 1150 locum
797 1077 917 1149 multis
943 1077 1158 1151 clamoribus
1186 1093 1322 1177 petens.
1356 1085 1399 1151 Et
1423 1081 1522 1177 jussu

451 1199 566 1294 repo,
583 1196 630 1268 de
646 1195 837 1267 commisso
861 1195 1017 1267 facinore
1040 1219 1274 1294 responsurus
1293 1195 1437 1267 sistitur.
1460 1199 1523 1267 Or-

449 1338 580 1412 susqnc
597 1313 647 1384 sic
660 1313 730 1384 ait:
808 1311 811 1316 ’

474 1524 524 1576 xi.
537 1551 573 1566 -
583 1521 675 1576 Oratio
687 1521 794 1593 lagonis
805 1539 855 1593 pro
867 1539 894 1574 ee
905 1520 977 1593 apud
989 1536 1076 1592 regem
1087 1531 1113 1574 et
1124 1519 1256 1593 principes
1267 1521 1381 1574 rnuorie
1392 1521 1490 1574 habita.

497 1690 612 1754 Deum
638 1657 824 1754 uoluntati&
852 1707 941 1752 mere
969 1683 1145 1751 contorum
1172 1697 1289 1768 testor,
1319 1681 1412 1752 nilu'l
1435 1683 1521 1753 mztu·

447 1799 556 1890 fuine
568 1803 686 1872 curius
700 1817 813 1870 restra
831 1798 957 1869 salute.
986 1803 1108 1869 Vester
1121 1823 1224 1869 amor
1236 1797 1286 1868 ad
1300 1798 1363 1869 boe
1381 1824 1437 1868 me
1456 1802 1518 1869 im·

445 1918 562 2015 pulit;
582 1917 625 1988 ob
645 1933 793 1988 restrum
813 1915 964 1987 sanum
978 1917 1016 1983 in
1028 1914 1092 1984 hus
1105 1939 1161 1984 me
1174 1916 1335 1984 mireriar
1352 1919 1517 2010 proecipi-

449 2037 537 2120 tari;
554 2058 626 2130 pro
642 2035 801 2104 omnium
824 2034 910 2120 ritu,
936 2045 1074 2100 tuntum
1091 2030 1291 2127 periculum
1309 2029 1424 2100 subire
1448 2057 1517 2102 non

447 2152 584 2246 expavi.
603 2147 747 2221 Grande
758 2140 898 2246 quuiem
911 2161 966 2216 est
972 2161 1108 2243 gestum
1121 2149 1307 2245 negotium,
1327 2145 1393 2216 sed
1402 2147 1517 2242 nqubr

446 2281 499 2335 est
519 2267 651 2364 negotii
660 2264 806 2335 utilitur.
835 2265 981 2360 Regium
1000 2262 1220 2359 majestatem
1234 2287 1290 2332 me
1304 2262 1433 2333 lesisse
1446 2267 1517 2360 qui-

446 2380 526 2452 dem
538 2406 610 2452 non
622 2379 748 2467 ahmin,
759 2378 823 2450 sed
832 2377 945 2448 multo
958 2377 1139 2449 commodo
1153 2383 1191 2448 in
1220 2381 1362 2449 (minore
1375 2403 1514 2475 compo-

447 2514 527 2568 Γαῖα
537 2522 668 2567 assero.
693 2493 939 2567 Contriierctur
956 2498 1110 2565 atteteris
1125 2497 1278 2582 enimus,
1301 2493 1516 2566 animaduer-

448 2609 978 2708 teturetiamsuturasoeinorir
991 2611 1136 2682 utilitas.
1153 2615 1348 2682 Tirunnum
1360 2629 1511 2710 captum,

329 2828 333 2836 Ι
447 2746 560 2801 metm
581 2755 688 2801 caure
701 2727 911 2826 baptirmum
927 2730 1072 2824 petitine
1084 2725 1220 2799 adverti
1226 2757 1241 2815 ;
1258 2753 1405 2826 eumque
1419 2745 1516 2826 post·

447 2871 555 2943 quum
566 2845 810 2929 dimitteretur,
826 2841 990 2940 pluribus
1002 2833 1146 2942 in'jurt'ir
1161 2848 1266 2914 vr'eem
1283 2843 1511 2932 redditurum,

446 2987 656 3060 suorumque
671 2977 826 3059 stragem
835 2961 1041 3058 grurirsime
1054 2959 1221 3030 ulturum.
1245 2965 1290 3031 In
1303 2987 1416 3060 quem,
1435 2966 1516 3060 quia

437 3076 579 3172 suturoe
591 3075 703 3148 eludit
714 3102 821 3146 eausa
836 3079 927 3146 uirus
939 3091 1006 3160 est,
1017 3074 1164 3172 serrum
1178 3080 1333 3148 converti
1346 3105 1356 3146 :
1376 3077 1451 3149 lraec
1467 3097 1518 3151 ert

448 3197 520 3264 mei
523 3193 705 3290 facinoris
717 3218 824 3263 causa
833 3222 848 3279 ‚·
866 3191 941 3262 luec
953 3217 1009 3262 me
1021 3191 1072 3262 ad
1080 3192 1192 3263 reelur
1214 3193 1363 3290 impulit.
1389 3199 1465 3264 Hoc
1477 3195 1517 3266 ob

448 3314 539 3409 regit
549 3335 761 3408 suorumque
772 3309 923 3379 salutem
929 3309 1063 3407 peregi.
1085 3313 1136 3378 Et
1150 3311 1285 3378 utinum
1299 3325 1410 3379 morte
1423 3335 1511 3398 ntea,

441 3430 575 3524 patrie
593 3426 751 3515 liberm,
777 3451 963 3523 rerumque
985 3424 1515 3524 tranqut'llitascorurequuntur!

447 3543 520 3616 Sed
532 3545 567 3616 ri
580 3542 728 3631 uectum,
756 3541 798 3614 ob
815 3547 906 3642 regis
928 3544 1193 3640 primatumque
1215 3540 1364 3612 salutem
1387 3546 1517 3614 oecon

449 3657 595 3731 vilebor.
612 3663 746 3758 Cogitet
748 3660 832 3758 jam
840 3662 997 3758 quisque,
1011 3685 1060 3728 un
1067 3683 1139 3755 pro
1150 3657 1352 3756 liujus-modi
1361 3658 1517 3730 mercede

448 3780 482 3847 ei
493 3775 717 3847 militandrun
728 3779 795 3863 sit;
808 3792 845 3846 et
863 3801 913 3845 un
924 3800 995 3871 pro
1003 3773 1083 3867 fide
1094 3791 1244 3859 seruata,
1264 3773 1517 3846 tuliltubendur

447 3896 496 3964 sit
517 3891 751 3963 retributione.
772 3898 863 3962 Ecce
881 3893 1006 3988 cupitir
1027 3907 1064 3960 et
1075 3893 1240 3988 pectoris¹
1255 3889 1442 3990 laterisque
1468 3916 1517 3961 re·

447 4013 562 4080 ecnu'u
582 4006 750 4079 vulnero!
773 4015 902 4079 Patent
919 4005 1195 4105 precedentium
1215 4023 1410 4104 temporum
1431 4011 1517 4077 cieu-

449 4130 561 4212 trreer,
579 4125 794 4223 dripersique
805 4151 875 4221 per
889 4125 1025 4222 reliqua
1038 4126 1194 4220 corporis
1208 4123 1363 4194 membru
1378 4123 1512 4193 livores.

450 4247 607 4332 Quorum
616 4240 765 4313 assiduis
773 4240 947 4312 doloribus
960 4240 1146 4333 consertus,
1161 4240 1511 4338 nilu'lposttotmulu,
