3417 5392
462 560 520 616 128
824 551 989 613 RICHElll
1014 552 1087 612 Llll.
1114 551 1155 609 ll.

460 704 501 750 ac
525 678 654 748 ducem
676 699 759 746 cum
782 675 925 772 reliquis
950 671 1217 746 occurrentibus
1237 673 1432 770 excipiens,
1452 673 1532 767 jure

460 794 670 866 sacramenti
681 792 747 863 sibi
760 791 962 890 adcopulat.
986 794 1066 862 Dux
1078 789 1161 860 inde
1175 787 1386 876 accelerans,
1399 813 1531 885 equum

460 910 654 1009 insignibus
666 910 768 1006 regiis
786 908 1001 980 adornatum
1020 904 1176 976 adducit.
1194 907 1311 991 Quem
1320 928 1403 974 cum
1412 928 1531 975 ascen·

459 1029 513 1099 sui
531 1042 652 1129 aptare
663 1025 781 1113 vellet,
803 1039 838 1095 et
849 1023 908 1094 ille
926 1021 1111 1120 impatiens
1130 1021 1168 1090 in
1186 1018 1324 1091 diversa
1343 1044 1419 1091 sese
1432 1020 1531 1092 tolle-

460 1160 526 1234 ret,
541 1142 740 1214 Ludovicus
758 1139 838 1237 agili
851 1138 1030 1210 exilitione
1041 1135 1240 1235 prosiliens,
1256 1160 1349 1234 equo
1363 1139 1529 1234 strepenti

458 1261 617 1358 neglecta
640 1257 765 1356 stapha
791 1255 996 1354 repentinus
1020 1252 1160 1324 insedit.
1192 1253 1300 1340 Quod
1329 1253 1437 1324 etiam
1467 1252 1530 1326 fuit

458 1375 625 1447 omnibus
646 1388 805 1470 gratum,
828 1396 871 1442 ac
892 1370 1009 1441 multae
1040 1369 1282 1466 gratulationis
1306 1371 1524 1467 provocatio.

459 1492 567 1588 Cujus
576 1513 674 1561 arma
685 1488 758 1559 dux
770 1488 984 1585 suscipiens,
1000 1487 1151 1582 armiger
1161 1484 1399 1585 praecedebat,
1415 1486 1528 1559 donec

456 1608 598 1703 jussus*
623 1603 846 1702 magnatibus
866 1603 1060 1675 Galliarum
1086 1603 1247 1675 contulit.
1279 1602 1417 1690 Quibus
1442 1605 1528 1675 mili-

457 1722 613 1794 tantibus
634 1747 717 1793 cum
735 1720 847 1792 multa
865 1719 1059 1791 ambitione
1077 1734 1113 1790 et
1125 1719 1299 1816 obsequio
1317 1717 1526 1792 Laudunum

459 1839 632 1910 deductus
656 1853 721 1909 est.
753 1836 821 1907 Ubi
842 1837 949 1906 etiam
970 1849 1006 1907 et
1023 1836 1196 1932 regnandi
1213 1833 1294 1931 jura
1315 1834 1527 1931 quindennis

459 1956 648 2054 accipiens,
670 1951 838 2025 omnibus
859 1951 1057 2023 faventibus
1074 1977 1139 2050 per
1154 1951 1332 2022 domnum
1350 1967 1526 2051 metropo

458 2073 608 2143 litanum
623 2070 807 2142 artoldum
819 2093 902 2139 cum
921 2069 1096 2167 episcopis
1107 2068 1230 2164 viginti
1244 2093 1305 2140 rex
1313 2083 1452 2140 creatus
1461 2085 1521 2140 est.

458 2185 545 2257 lnde
562 2211 707 2283 quoque
731 2184 916 2271 deductus
944 2183 980 2253 in
1004 2184 1126 2255 vicinis
1147 2183 1295 2255 urbibus
1314 2185 1524 2282 gratulanter

457 2287 640 2400 excipitur.
675 2300 835 2370 Universi
865 2299 896 2369 ei
920 2297 1161 2397 applaudunt3
1194 2325 1319 2372 omnes
1347 2300 1519 2392 letantur;

456 2433 554 2489 tanta
564 2417 727 2488 omnium
745 2415 810 2486 fuit
820 2429 858 2486 et
875 2414 1001 2486 eadem
1013 2439 1127 2486 mens.

480 2630 516 2679 V.
526 2626 650 2678 -Rex*
666 2643 727 2678 cum
740 2623 808 2677 duce
819 2623 1024 2695 burgundiam*
1036 2625 1101 2696 petit
1109 2625 1134 2689 ³,
1151 2635 1181 2677 ac
1197 2625 1289 2678 urbem
1305 2625 1497 2696 ngoninam’

784 2709 854 2761 bello
873 2709 990 2780 repetit*
1012 2708 1163 2780 capitque*.

501 2869 573 2934 Nec
582 2863 701 2932 minus
719 2876 755 2932 et
772 2860 1013 2958 Burgundiam
1023 2875 1157 2959 petere,
1173 2885 1215 2930 ac
1234 2859 1338 2931 urbes
1351 2859 1519 2958 sedesque

454 2978 565 3075 regias
581 2977 729 3048 lustrare
752 2977 883 3050 aduce
903 2991 1080 3048 monetur.
1104 2978 1174 3047 Rex
1198 2975 1354 3047 hortanti
1373 3001 1518 3048 consen-

452 3094 555 3181 tiens,
570 3092 810 3189 Burgundiam
825 3092 916 3163 duce
926 3093 1118 3164 comitante
1131 3091 1338 3189 ingreditur.
1353 3092 1406 3163 Ad
1413 3118 1516 3191 quem

451 3208 594 3280 urbium
611 3209 788 3307 principes
800 3207 1000 3305 benigniter
1012 3208 1245 3299 confluentes,
1267 3208 1453 3306 magnifice
1466 3237 1517 3283 ex·

409 3386 413 3395 ,
447 3340 640 3423 ceperunt,
666 3347 707 3396 ac
728 3325 840 3422 rogati
863 3323 971 3395 fidem
992 3325 1072 3421 jure
1092 3325 1301 3396 sacramenti
1327 3324 1510 3399 dederunt.

446 3446 548 3540 Hugo
573 3456 708 3512 tantum
738 3440 879 3513 Rodulfr
903 3441 993 3537 regis
1016 3441 1121 3513 frater
1146 3442 1372 3541 Lingonicam
1393 3443 1513 3515 urbem

446 3557 643 3657 possidens,
666 3558 738 3653 regi
756 3581 947 3629 occurrere
965 3556 1112 3645 distulit,
1129 3560 1191 3655 qui
1209 3575 1441 3631 occurrerunt
1456 3561 1515 3631 ad·

445 3674 595 3746 modum
618 3675 738 3745 iratus.
765 3677 836 3746 Rex
859 3674 947 3744 dum
973 3699 1037 3772 per
1060 3674 1196 3771 aliquot
1216 3673 1435 3746 ebdomadas
1453 3703 1511 3748 sua

443 3791 619 3879 lustraret,
642 3791 775 3861 inimici
794 3789 963 3861 invidiam
985 3789 1146 3861 advertit.
1169 3794 1378 3888 Proponens
1395 3793 1510 3890 itaque

443 3921 524 3978 ante
547 3906 739 3977 discessum
764 3906 898 3976 nullam
917 3907 1094 4004 praeterire
1119 3906 1261 3996 urbem,
1289 3907 1421 4005 legatos
1443 3915 1508 3982 llu-

475 4133 490 4162 ’
503 4131 556 4194 Re,
573 4131 665 4202 B,pe‚
681 4131 726 4196 Li,
741 4145 826 4202 mpet,
844 4151 873 4184 ca
889 4153 918 4182 ex
934 4135 1034 4202 conjeci.

475 4217 482 4246 ¹
502 4215 522 4266 i.
538 4216 669 4268 heriberto
684 4216 773 4268 comiti
788 4215 862 4268 dedit
881 4217 923 4268 ille
937 4235 1041 4286 quoque
1062 4215 1162 4268 tamdiu
1177 4217 1353 4286 armigeravit.
1379 4219 1461 4272 dotrer
1480 4235 1501 4270 et

439 4301 494 4370 ipse
507 4302 591 4370 jussus
607 4302 712 4353 arnulfo
727 4301 816 4352 comiti
830 4301 959 4354 redderet.
974 4302 1016 4354 Sic
1030 4320 1133 4371 quoque
1150 4301 1314 4370 magnatibus
1333 4307 1356 4354 l.
