3417 5392
817 555 984 616 arenam
1007 557 1082 618 tm.
1109 555 1136 614 r.
1232 535 1238 547 '

605 745 667 796 XV.
679 775 714 786 -
726 744 813 799 Nimia
824 748 939 800 KaroIi*
952 747 1081 801 dileetio*
1093 766 1154 820 erga
1165 749 1335 820 {legationem
1344 755 1358 782 ’
1365 791 1370 803 .

502 913 592 980 Nam
605 934 689 982 ctun
701 911 813 982 multa
828 911 1044 1011 benignitate
1057 913 1235 1013 principes
1247 914 1391 1005 coleret,
1408 919 1524 1014 praeci·

453 1050 525 1123 pua
543 1041 662 1098 tamen
679 1026 899 1101 beatitudine
916 1033 1147 1127 Haganonem
1164 1028 1335 1119 habebat,
1355 1055 1465 1127 quem
1482 1055 1524 1101 ex

454 1140 694 1221 mediocribus
715 1160 898 1244 potentem
919 1145 1098 1235 effecerat3
1133 1145 1224 1218 adeo
1245 1160 1284 1216 ut
1304 1143 1526 1242 magnatibus

454 1258 655 1358 quibusque
674 1261 780 1359 longe
799 1251 1064 1350 absistentibus,
1091 1261 1167 1360 ipse
1192 1259 1290 1357 regio
1313 1259 1412 1332 lateri
1430 1258 1525 1332 solus

454 1375 622 1466 haereret,
641 1376 787 1476 pilleum
805 1379 912 1450 etiam
932 1402 952 1450 a
969 1379 1083 1477 capite
1102 1377 1192 1474 regis
1209 1377 1390 1475 sepissime
1404 1401 1527 1475 ¹sump·

331 1545 339 1566 .
454 1505 548 1576 tum,
572 1490 691 1590 palam
711 1492 777 1564 sibi
801 1494 1013 1592 imponeret.
1035 1493 1143 1582 Quod
1156 1493 1263 1565 etiam
1280 1492 1431 1564 multam
1453 1493 1526 1590 regi

454 1604 572 1677 intulit
588 1603 741 1681 labem⁴.
764 1609 906 1683 Etenim
916 1609 1084 1708 primates
1101 1608 1139 1679 id
1152 1606 1305 1682 ferentes
1322 1607 1522 1706 indignum,

455 1746 575 1819 regem
592 1724 741 1814 adeunt,
761 1749 804 1796 ao
820 1723 918 1824 apud
935 1749 1020 1796 eum
1040 1723 1143 1796 satis'
1164 1738 1446 1822 conqueruntur,
1465 1723 1527 1796 ho

456 1839 591 1910 minem
617 1839 782 1912 obscuris
815 1839 1021 1940 parentibus
1055 1854 1201 1940 natum,
1239 1839 1341 1937 regim
1366 1839 1527 1936 dignitati

457 1953 611 2026 multum
627 1955 816 2052 derogare,
837 1981 928 2028 cum
942 1956 1014 2028 acsi
1033 1955 1226 2053 indigentia
1243 1954 1437 2046 nobilium,
1452 1956 1526 2054 ipse

458 2085 628 2168 tanquam
644 2072 871 2144 consulturus
884 2073 958 2170 regi
975 2071 1121 2146 assistat.
1143 2075 1188 2142 Et
1205 2071 1272 2143 nisi
1289 2095 1311 2142 a
1328 2085 1427 2144 tanta
1446 2095 1528 2142 con·

456 2186 644 2258 suetudine
656 2203 785 2277 oesset,
801 2212 878 2259 sese
896 2213 917 2260 a
935 2187 1027 2284 regis
1037 2185 1188 2258 consilio
1202 2185 1343 2285 penitus
1360 2185 1527 2258 discessu·

457 2325 528 2374 ros.
546 2305 618 2374 Rex
630 2303 910 2376 dissuasionibus
925 2303 982 2380 his
1004 2304 1151 2376 minime
1163 2302 1340 2392 credulus,
1356 2328 1379 2375 a
1397 2302 1526 2376 dilecto

457 2440 531 2488 non
548 2435 663 2491 oesstt.

592 2602 917 2674 KVb-Indignatio„
932 2602 1052 2656 Rotbeni
1065 2601 1102 2670 *ff
1117 2602 1145 2654 in
1164 2601 1335 2677 Hagnoneia
1346 2602 1396 2654 ”t

508 2768 645 2839 Interea
657 2766 824 2864 Belgicis⁸
840 2765 1015 2838 urbibus*
1040 2780 1146 2863 atque
1168 2765 1309 2866 oppidis
1330 2763 1528 2836 firmissime

460 2883 652 2980 optentis⁸,
671 2883 710 2954 in
723 2881 892 2954 Celticum
905 2881 1008 2972 redit,
1026 2907 1067 2954 ac
1078 2883 1167 2954 urbe
1185 2882 1393 2955 suessonica
1406 2880 1529 2978 recipit

460 3020 547 3068 sese.
561 3002 690 3070 Hucex
700 2997 925 3070 omniGallia
935 2997 1114 3097 principes
1122 2998 1319 3071 confluunt.
1336 3001 1415 3067 Huc
1423 2995 1527 3067 etiam

460 3113 637 3185 minores⁸
649 3107 764 3185 multo
772 3114 892 3186 favore
905 3114 1135 3188 conveniunt.
1151 3119 1247 3186 Inter
1259 3138 1349 3211 quos
1358 3135 1442 3183 cum
1450 3115 1528 3185 Rot-

459 3225 592 3319 bertus,
606 3230 644 3300 in
656 3231 790 3333 majore
797 3229 908 3326 gratia
918 3229 1016 3329 apud
1026 3255 1146 3328 regem
1157 3255 1233 3302 sese
1240 3228 1365 3302 haberi
1373 3243 1525 3327 putaret,

338 3333 344 3342 ’
460 3360 583 3444 utpote
595 3371 705 3444 quem
716 3346 844 3420 ducem
858 3347 895 3419 in
905 3345 1035 3418 Celtica
1045 3345 1212 3418 omnibus
1219 3343 1434 3450 praefeoerat,
1446 3369 1526 3416 cum

495 3569 511 3595 ²
529 3565 571 3631 ia,
584 3565 693 3630 Karoli,
706 3567 744 3631 io,
756 3566 928 3636 Hagnonem
938 3565 1042 3618 abscisa.

494 3649 533 3682 *¹
551 3650 638 3714 natio,
651 3646 744 3714 tberti,
756 3667 870 3702 arronem
881 3648 985 3701 abscisa.

495 3734 504 3762 ¹
524 3732 697 3785 calamitatem
708 3751 772 3784 corr.
785 3733 880 3785 labem.

494 3815 506 3846 ⁸
524 3835 545 3866 s.
558 3814 620 3868 inde
631 3813 745 3868 debeam.

494 3899 505 3929 ⁸
523 3900 549 3948 in
564 3899 617 3950 Ioco'
629 3917 683 3950 ruso
701 3897 747 3950 sed
759 3873 894 3952 atramento
913 3914 937 3952 et
948 3919 1021 3951 manu
1040 3899 1137 3951 eodm.
1156 3897 1301 3952 Galliarum
1312 3895 1468 3950 attetardus
1484 3897 1524 3967 qui

459 3969 510 4021 itae
520 3971 656 4040 asscripsit.

493 4053 506 4084 ⁴
524 4053 621 4105 finibus
632 4072 695 4104 corr.
708 4053 825 4107 urbibus,

458 4139 583 4264 3:⁰03
626 4138 720 4261 &tastu
735 4139 892 4193 „mmmm
902 4139 1061 4201 immineret,
1076 4138 1229 4208 tqtngrani
1240 4137 1337 4208 pauco
1349 4153 1403 4188 me
1415 4133 1523 4204 mapa.

493 4293 507 4322 ⁸
523 4292 665 4346 medioeres
677 4250 844 4346 bttetardm.
