<?xml version="1.0" encoding="UTF-8"?>
<!DOCTYPE html PUBLIC "-//W3C//DTD XHTML 1.0 Transitional//EN"
    "http://www.w3.org/TR/xhtml1/DTD/xhtml1-transitional.dtd">
<html xmlns="http://www.w3.org/1999/xhtml" xml:lang="en" lang="en">
 <head>
  <title>
</title>
<meta http-equiv="Content-Type" content="text/html;charset=utf-8" />
  <meta name='ocr-system' content='tesseract 3.04.00' />
  <meta name='ocr-capabilities' content='ocr_page ocr_carea ocr_par ocr_line ocrx_word'/>
</head>
<body>
  <div class='ocr_page' id='page_1' title='image "./richerhistoired02parigoog_0135.png"; bbox 0 0 3417 5392; ppageno 0'>
   <div class='ocr_carea' id='block_1_1' title="bbox 459 549 1143 610">
    <p class='ocr_par' dir='ltr' id='par_1_1' title="bbox 459 549 1143 610">
     <span class='ocr_line' id='line_1_1' title="bbox 459 549 1143 610; baseline -0.004 0"><span class='ocrx_word' id='word_1_1' title='bbox 459 555 495 610; x_wconf 72' lang='lat'><strong>12</strong></span> <span class='ocrx_word' id='word_1_2' title='bbox 833 549 996 608; x_wconf 83' lang='lat' dir='ltr'><strong>tttcHEttl</strong></span> <span class='ocrx_word' id='word_1_3' title='bbox 1021 549 1093 608; x_wconf 87' lang='lat' dir='ltr'><strong>LIB.</strong></span> <span class='ocrx_word' id='word_1_4' title='bbox 1117 550 1143 607; x_wconf 91' lang='lat' dir='ltr'><strong>l.</strong></span> 
     </span>
    </p>
   </div>
   <div class='ocr_carea' id='block_1_2' title="bbox 454 757 1524 1378">
    <p class='ocr_par' dir='ltr' id='par_1_2' title="bbox 454 757 1522 917">
     <span class='ocr_line' id='line_1_2' title="bbox 454 757 1522 830; baseline 0 -20"><span class='ocrx_word' id='word_1_5' title='bbox 454 760 503 810; x_wconf 89' lang='lat' dir='ltr'><strong>lV.</strong></span> <span class='ocrx_word' id='word_1_6' title='bbox 518 789 552 798; x_wconf 85' lang='lat'>-</span> <span class='ocrx_word' id='word_1_7' title='bbox 565 758 645 824; x_wconf 89' lang='lat' dir='ltr'><strong>Quod</strong></span> <span class='ocrx_word' id='word_1_8' title='bbox 662 760 697 809; x_wconf 90' lang='lat' dir='ltr'><strong>ob</strong></span> <span class='ocrx_word' id='word_1_9' title='bbox 718 758 854 810; x_wconf 83' lang='lat' dir='ltr'><strong>infantiam</strong></span> <span class='ocrx_word' id='word_1_10' title='bbox 874 771 900 810; x_wconf 90' lang='lat' dir='ltr'><strong>et</strong></span> <span class='ocrx_word' id='word_1_11' title='bbox 919 759 1077 830; x_wconf 29' lang='lat' dir='ltr'><strong>principum,</strong></span> <span class='ocrx_word' id='word_1_12' title='bbox 1087 757 1265 812; x_wconf 77' lang='lat' dir='ltr'><strong>dissidentiam</strong></span> <span class='ocrx_word' id='word_1_13' title='bbox 1285 771 1384 830; x_wconf 75' lang='lat' dir='ltr'><strong>pyrata</strong></span> <span class='ocrx_word' id='word_1_14' title='bbox 1398 757 1494 810; x_wconf 79' lang='lat' dir='ltr'><strong>Gallias</strong></span> <span class='ocrx_word' id='word_1_15' title='bbox 1509 758 1522 790; x_wconf 61' lang='lat'>⁴</span> 
     </span>
     <span class='ocr_line' id='line_1_3' title="bbox 911 849 1060 917; baseline -0.007 -20"><span class='ocrx_word' id='word_1_16' title='bbox 911 849 1060 917; x_wconf 83' lang='lat' dir='ltr'><strong>irruperint.</strong></span> 
     </span>
    </p>

    <p class='ocr_par' dir='ltr' id='par_1_3' title="bbox 503 1021 1524 1118">
     <span class='ocr_line' id='line_1_4' title="bbox 503 1021 1524 1118; baseline 0.005 -29"><span class='ocrx_word' id='word_1_17' title='bbox 503 1021 568 1090; x_wconf 83' lang='lat' dir='ltr'><strong>llic</strong></span> <span class='ocrx_word' id='word_1_18' title='bbox 589 1036 726 1118; x_wconf 88' lang='lat' dir='ltr'><strong>patrem</strong></span> <span class='ocrx_word' id='word_1_19' title='bbox 750 1021 902 1093; x_wconf 74' lang='lat' dir='ltr'><strong>habuit*</strong></span> <span class='ocrx_word' id='word_1_20' title='bbox 942 1021 1220 1093; x_wconf 87' lang='lat' dir='ltr'><strong>Karlomannum</strong></span> <span class='ocrx_word' id='word_1_21' title='bbox 1243 1045 1385 1118; x_wconf 83' lang='lat' dir='ltr'><strong>regem,</strong></span> <span class='ocrx_word' id='word_1_22' title='bbox 1419 1048 1524 1095; x_wconf 88' lang='lat' dir='ltr'><strong>avum</strong></span> 
     </span>
    </p>

    <p class='ocr_par' dir='ltr' id='par_1_4' title="bbox 455 1150 1524 1248">
     <span class='ocr_line' id='line_1_5' title="bbox 455 1150 1524 1248; baseline 0.005 -29"><span class='ocrx_word' id='word_1_23' title='bbox 455 1174 541 1220; x_wconf 91' lang='lat' dir='ltr'><strong>vero</strong></span> <span class='ocrx_word' id='word_1_24' title='bbox 561 1155 750 1248; x_wconf 87' lang='lat' dir='ltr'><strong>paternum</strong></span> <span class='ocrx_word' id='word_1_25' title='bbox 767 1151 986 1223; x_wconf 90' lang='lat' dir='ltr'><strong>Ludovieum</strong></span> <span class='ocrx_word' id='word_1_26' title='bbox 1003 1165 1241 1248; x_wconf 86' lang='lat' dir='ltr'><strong>cognomento</strong></span> <span class='ocrx_word' id='word_1_27' title='bbox 1261 1150 1422 1241; x_wconf 83' lang='lat' dir='ltr'><strong>Balbum,</strong></span> <span class='ocrx_word' id='word_1_28' title='bbox 1445 1151 1524 1224; x_wconf 89' lang='lat' dir='ltr'><strong>aba·</strong></span> 
     </span>
    </p>

    <p class='ocr_par' dir='ltr' id='par_1_5' title="bbox 455 1279 1524 1378">
     <span class='ocr_line' id='line_1_6' title="bbox 455 1279 1524 1378; baseline 0.006 -31"><span class='ocrx_word' id='word_1_29' title='bbox 455 1303 542 1348; x_wconf 89' lang='lat' dir='ltr'><strong>vum</strong></span> <span class='ocrx_word' id='word_1_30' title='bbox 576 1296 694 1351; x_wconf 91' lang='lat' dir='ltr'><strong>autem</strong></span> <span class='ocrx_word' id='word_1_31' title='bbox 726 1279 896 1351; x_wconf 87' lang='lat' dir='ltr'><strong>Karolum</strong></span> <span class='ocrx_word' id='word_1_32' title='bbox 935 1279 1101 1370; x_wconf 90' lang='lat' dir='ltr'><strong>Calvum,</strong></span> <span class='ocrx_word' id='word_1_33' title='bbox 1133 1283 1395 1351; x_wconf 89' lang='lat' dir='ltr'><strong>Germanorum</strong></span> <span class='ocrx_word' id='word_1_34' title='bbox 1420 1295 1524 1378; x_wconf 88' lang='lat' dir='ltr'><strong>atque</strong></span> 
     </span>
    </p>
   </div>
   <div class='ocr_carea' id='block_1_3' title="bbox 456 1405 1525 1634">
    <p class='ocr_par' dir='ltr' id='par_1_6' title="bbox 456 1405 1525 1634">
     <span class='ocr_line' id='line_1_7' title="bbox 459 1405 1525 1509; baseline 0.006 -33"><span class='ocrx_word' id='word_1_35' title='bbox 459 1405 642 1478; x_wconf 85' lang='lat' dir='ltr'><strong>Gallorum</strong></span> <span class='ocrx_word' id='word_1_36' title='bbox 668 1409 918 1506; x_wconf 86' lang='lat' dir='ltr'><strong>imperatorem</strong></span> <span class='ocrx_word' id='word_1_37' title='bbox 940 1409 1130 1506; x_wconf 81' lang='lat' dir='ltr'><strong>egregium.</strong></span> <span class='ocrx_word' id='word_1_38' title='bbox 1158 1408 1299 1480; x_wconf 90' lang='lat' dir='ltr'><strong>Biennis</strong></span> <span class='ocrx_word' id='word_1_39' title='bbox 1320 1407 1438 1480; x_wconf 89' lang='lat' dir='ltr'><strong>adhuc</strong></span> <span class='ocrx_word' id='word_1_40' title='bbox 1468 1435 1525 1509; x_wconf 93' lang='lat' dir='ltr'><strong>pa·</strong></span> 
     </span>
     <span class='ocr_line' id='line_1_8' title="bbox 456 1535 1520 1634; baseline 0.002 -28"><span class='ocrx_word' id='word_1_41' title='bbox 456 1551 546 1607; x_wconf 91' lang='lat' dir='ltr'><strong>trem</strong></span> <span class='ocrx_word' id='word_1_42' title='bbox 570 1538 708 1626; x_wconf 83' lang='lat' dir='ltr'><strong>amisit3</strong></span> <span class='ocrx_word' id='word_1_43' title='bbox 729 1537 864 1608; x_wconf 84' lang='lat' dir='ltr'><strong>matre²</strong></span> <span class='ocrx_word' id='word_1_44' title='bbox 885 1538 943 1606; x_wconf 85' lang='lat' dir='ltr'><strong>vix</strong></span> <span class='ocrx_word' id='word_1_45' title='bbox 968 1561 1033 1634; x_wconf 91' lang='lat' dir='ltr'><strong>per</strong></span> <span class='ocrx_word' id='word_1_46' title='bbox 1049 1535 1321 1634; x_wconf 82' lang='lat' dir='ltr'><strong>quadriennium</strong></span> <span class='ocrx_word' id='word_1_47' title='bbox 1340 1537 1520 1634; x_wconf 89' lang='lat' dir='ltr'><strong>supersite.</strong></span> 
     </span>
    </p>
   </div>
   <div class='ocr_carea' id='block_1_4' title="bbox 349 1664 1524 1764">
    <p class='ocr_par' dir='ltr' id='par_1_7' title="bbox 349 1664 1524 1764">
     <span class='ocr_line' id='line_1_9' title="bbox 349 1664 1524 1764; baseline 0.003 -30"><span class='ocrx_word' id='word_1_48' title='bbox 349 1669 353 1675; x_wconf 85' lang='lat'>&#39;</span> <span class='ocrx_word' id='word_1_49' title='bbox 458 1664 515 1734; x_wconf 93' lang='lat' dir='ltr'><strong>Ob</strong></span> <span class='ocrx_word' id='word_1_50' title='bbox 529 1666 629 1761; x_wconf 88' lang='lat' dir='ltr'><strong>cujus</strong></span> <span class='ocrx_word' id='word_1_51' title='bbox 647 1666 831 1737; x_wconf 81' lang='lat' dir='ltr'><strong>infantiam</strong></span> <span class='ocrx_word' id='word_1_52' title='bbox 844 1691 928 1736; x_wconf 91' lang='lat' dir='ltr'><strong>cum</strong></span> <span class='ocrx_word' id='word_1_53' title='bbox 942 1689 1132 1762; x_wconf 85' lang='lat' dir='ltr'><strong>regnorum</strong></span> <span class='ocrx_word' id='word_1_54' title='bbox 1149 1667 1327 1764; x_wconf 87' lang='lat' dir='ltr'><strong>principes</strong></span> <span class='ocrx_word' id='word_1_55' title='bbox 1345 1665 1455 1736; x_wconf 87' lang='lat' dir='ltr'><strong>nimia</strong></span> <span class='ocrx_word' id='word_1_56' title='bbox 1477 1692 1524 1738; x_wconf 78' lang='lat' dir='ltr'><strong>re</strong></span> 
     </span>
    </p>
   </div>
   <div class='ocr_carea' id='block_1_5' title="bbox 456 1791 1526 3826">
    <p class='ocr_par' dir='ltr' id='par_1_8' title="bbox 456 1791 1526 3826">
     <span class='ocr_line' id='line_1_10' title="bbox 456 1791 1524 1892; baseline 0.001 -30"><span class='ocrx_word' id='word_1_57' title='bbox 456 1793 726 1891; x_wconf 89' lang='lat' dir='ltr'><strong>rumcupidine</strong></span> <span class='ocrx_word' id='word_1_58' title='bbox 752 1818 828 1864; x_wconf 89' lang='lat' dir='ltr'><strong>sese</strong></span> <span class='ocrx_word' id='word_1_59' title='bbox 855 1793 979 1892; x_wconf 69' lang='lat' dir='ltr'><strong>praeire</strong></span> <span class='ocrx_word' id='word_1_60' title='bbox 1005 1792 1278 1878; x_wconf 88' lang='lat' dir='ltr'><strong>contenderent,</strong></span> <span class='ocrx_word' id='word_1_61' title='bbox 1307 1791 1456 1889; x_wconf 88' lang='lat' dir='ltr'><strong>quisque</strong></span> <span class='ocrx_word' id='word_1_62' title='bbox 1487 1808 1524 1863; x_wconf 90' lang='lat' dir='ltr'><strong>ut</strong></span> 
     </span>
     <span class='ocr_line' id='line_1_11' title="bbox 456 1921 1523 2021; baseline 0 -29"><span class='ocrx_word' id='word_1_63' title='bbox 456 1937 596 2021; x_wconf 89' lang='lat' dir='ltr'><strong>poterat</strong></span> <span class='ocrx_word' id='word_1_64' title='bbox 613 1948 688 1995; x_wconf 94' lang='lat' dir='ltr'><strong>rem</strong></span> <span class='ocrx_word' id='word_1_65' title='bbox 701 1922 887 2013; x_wconf 82' lang='lat' dir='ltr'><strong>dilatabat3</strong></span> <span class='ocrx_word' id='word_1_66' title='bbox 908 1946 1015 1994; x_wconf 89' lang='lat' dir='ltr'><strong>nemo</strong></span> <span class='ocrx_word' id='word_1_67' title='bbox 1034 1924 1124 2019; x_wconf 84' lang='lat' dir='ltr'><strong>regis</strong></span> <span class='ocrx_word' id='word_1_68' title='bbox 1144 1934 1353 2020; x_wconf 89' lang='lat' dir='ltr'><strong>provectum</strong></span> <span class='ocrx_word' id='word_1_69' title='bbox 1368 1921 1397 2010; x_wconf 84' lang='lat'><strong>³,</strong></span> <span class='ocrx_word' id='word_1_70' title='bbox 1419 1945 1523 1992; x_wconf 91' lang='lat' dir='ltr'><strong>nemo</strong></span> 
     </span>
     <span class='ocr_line' id='line_1_12' title="bbox 459 2050 1523 2149; baseline 0.003 -29"><span class='ocrx_word' id='word_1_71' title='bbox 459 2053 557 2148; x_wconf 83' lang='lat' dir='ltr'><strong>regni</strong></span> <span class='ocrx_word' id='word_1_72' title='bbox 581 2052 727 2124; x_wconf 89' lang='lat' dir='ltr'><strong>tutelam</strong></span> <span class='ocrx_word' id='word_1_73' title='bbox 758 2051 956 2149; x_wconf 76' lang='lat' dir='ltr'><strong>quaerebat3</strong></span> <span class='ocrx_word' id='word_1_74' title='bbox 988 2051 1102 2122; x_wconf 89' lang='lat' dir='ltr'><strong>aliena</strong></span> <span class='ocrx_word' id='word_1_75' title='bbox 1129 2050 1315 2147; x_wconf 88' lang='lat' dir='ltr'><strong>adquirere</strong></span> <span class='ocrx_word' id='word_1_76' title='bbox 1346 2075 1523 2123; x_wconf 92' lang='lat' dir='ltr'><strong>summum</strong></span> 
     </span>
     <span class='ocr_line' id='line_1_13' title="bbox 460 2177 1523 2277; baseline 0 -27"><span class='ocrx_word' id='word_1_77' title='bbox 460 2181 588 2277; x_wconf 87' lang='lat' dir='ltr'><strong>cuique</strong></span> <span class='ocrx_word' id='word_1_78' title='bbox 608 2195 699 2272; x_wconf 87' lang='lat' dir='ltr'><strong>erat;</strong></span> <span class='ocrx_word' id='word_1_79' title='bbox 720 2205 787 2251; x_wconf 88' lang='lat' dir='ltr'><strong>nec</strong></span> <span class='ocrx_word' id='word_1_80' title='bbox 811 2203 887 2251; x_wconf 90' lang='lat' dir='ltr'><strong>rem</strong></span> <span class='ocrx_word' id='word_1_81' title='bbox 906 2204 1007 2250; x_wconf 88' lang='lat' dir='ltr'><strong>suam</strong></span> <span class='ocrx_word' id='word_1_82' title='bbox 1027 2177 1222 2276; x_wconf 89' lang='lat' dir='ltr'><strong>provehere</strong></span> <span class='ocrx_word' id='word_1_83' title='bbox 1239 2177 1442 2267; x_wconf 87' lang='lat' dir='ltr'><strong>videbatur,</strong></span> <span class='ocrx_word' id='word_1_84' title='bbox 1464 2181 1523 2275; x_wconf 91' lang='lat' dir='ltr'><strong>qui</strong></span> 
     </span>
     <span class='ocr_line' id='line_1_14' title="bbox 458 2307 1523 2407; baseline 0 -27"><span class='ocrx_word' id='word_1_85' title='bbox 458 2309 562 2381; x_wconf 90' lang='lat' dir='ltr'><strong>alieni</strong></span> <span class='ocrx_word' id='word_1_86' title='bbox 580 2309 713 2407; x_wconf 86' lang='lat' dir='ltr'><strong>aliquid</strong></span> <span class='ocrx_word' id='word_1_87' title='bbox 735 2334 808 2380; x_wconf 95' lang='lat' dir='ltr'><strong>non</strong></span> <span class='ocrx_word' id='word_1_88' title='bbox 827 2308 992 2384; x_wconf 89' lang='lat' dir='ltr'><strong>addebat.</strong></span> <span class='ocrx_word' id='word_1_89' title='bbox 1015 2307 1125 2380; x_wconf 64' lang='lat' dir='ltr'><strong>‘Unde</strong></span> <span class='ocrx_word' id='word_1_90' title='bbox 1147 2322 1182 2379; x_wconf 89' lang='lat' dir='ltr'><strong>et</strong></span> <span class='ocrx_word' id='word_1_91' title='bbox 1198 2308 1361 2378; x_wconf 90' lang='lat' dir='ltr'><strong>omnium</strong></span> <span class='ocrx_word' id='word_1_92' title='bbox 1379 2332 1523 2380; x_wconf 88' lang='lat' dir='ltr'><strong>concor·</strong></span> 
     </span>
     <span class='ocr_line' id='line_1_15' title="bbox 458 2435 1524 2536; baseline 0.002 -29"><span class='ocrx_word' id='word_1_93' title='bbox 458 2438 534 2528; x_wconf 92' lang='lat' dir='ltr'><strong>dia,</strong></span> <span class='ocrx_word' id='word_1_94' title='bbox 555 2439 591 2510; x_wconf 91' lang='lat' dir='ltr'><strong>in</strong></span> <span class='ocrx_word' id='word_1_95' title='bbox 610 2463 787 2510; x_wconf 89' lang='lat' dir='ltr'><strong>summam</strong></span> <span class='ocrx_word' id='word_1_96' title='bbox 805 2437 1019 2508; x_wconf 83' lang='lat' dir='ltr'><strong>discordiam</strong></span> <span class='ocrx_word' id='word_1_97' title='bbox 1046 2435 1179 2534; x_wconf 89' lang='lat' dir='ltr'><strong>relapsa</strong></span> <span class='ocrx_word' id='word_1_98' title='bbox 1210 2450 1273 2506; x_wconf 90' lang='lat' dir='ltr'><strong>est.</strong></span> <span class='ocrx_word' id='word_1_99' title='bbox 1295 2436 1386 2508; x_wconf 90' lang='lat' dir='ltr'><strong>Hinc</strong></span> <span class='ocrx_word' id='word_1_100' title='bbox 1411 2437 1524 2536; x_wconf 81' lang='lat' dir='ltr'><strong>direp</strong></span> 
     </span>
     <span class='ocr_line' id='line_1_16' title="bbox 460 2561 1524 2663; baseline 0 -26"><span class='ocrx_word' id='word_1_101' title='bbox 460 2561 587 2659; x_wconf 84' lang='lat' dir='ltr'><strong>tiones,</strong></span> <span class='ocrx_word' id='word_1_102' title='bbox 606 2567 691 2638; x_wconf 90' lang='lat' dir='ltr'><strong>hinc</strong></span> <span class='ocrx_word' id='word_1_103' title='bbox 708 2566 892 2652; x_wconf 89' lang='lat' dir='ltr'><strong>incendia,</strong></span> <span class='ocrx_word' id='word_1_104' title='bbox 921 2565 1005 2635; x_wconf 89' lang='lat' dir='ltr'><strong>hinc</strong></span> <span class='ocrx_word' id='word_1_105' title='bbox 1033 2589 1153 2636; x_wconf 89' lang='lat' dir='ltr'><strong>rerum</strong></span> <span class='ocrx_word' id='word_1_106' title='bbox 1181 2565 1407 2663; x_wconf 86' lang='lat' dir='ltr'><strong>pervasiones</strong></span> <span class='ocrx_word' id='word_1_107' title='bbox 1430 2569 1524 2638; x_wconf 82' lang='lat' dir='ltr'><strong>exai-</strong></span> 
     </span>
     <span class='ocr_line' id='line_1_17' title="bbox 460 2695 1523 2794; baseline 0.004 -28"><span class='ocrx_word' id='word_1_108' title='bbox 460 2699 547 2768; x_wconf 85' lang='lat' dir='ltr'><strong>sere.</strong></span> <span class='ocrx_word' id='word_1_109' title='bbox 577 2702 664 2785; x_wconf 86' lang='lat' dir='ltr'><strong>Quae</strong></span> <span class='ocrx_word' id='word_1_110' title='bbox 683 2722 766 2768; x_wconf 90' lang='lat' dir='ltr'><strong>cum</strong></span> <span class='ocrx_word' id='word_1_111' title='bbox 791 2695 1043 2768; x_wconf 86' lang='lat' dir='ltr'><strong>immanissime</strong></span> <span class='ocrx_word' id='word_1_112' title='bbox 1065 2695 1294 2790; x_wconf 81' lang='lat' dir='ltr'><strong>agitarentur,</strong></span> <span class='ocrx_word' id='word_1_113' title='bbox 1321 2696 1442 2793; x_wconf 81' lang='lat' dir='ltr'><strong>piratae</strong></span> <span class='ocrx_word' id='word_1_114' title='bbox 1464 2701 1523 2794; x_wconf 92' lang='lat' dir='ltr'><strong>qui</strong></span> 
     </span>
     <span class='ocr_line' id='line_1_18' title="bbox 462 2822 1523 2924; baseline 0.002 -29"><span class='ocrx_word' id='word_1_115' title='bbox 462 2825 749 2897; x_wconf 87' lang='lat' dir='ltr'><strong>Rhodomensem</strong></span> <span class='ocrx_word' id='word_1_116' title='bbox 766 2825 980 2924; x_wconf 88' lang='lat' dir='ltr'><strong>provintiam</strong></span> <span class='ocrx_word' id='word_1_117' title='bbox 999 2822 1213 2912; x_wconf 87' lang='lat' dir='ltr'><strong>incolebant,</strong></span> <span class='ocrx_word' id='word_1_118' title='bbox 1233 2849 1312 2920; x_wconf 88' lang='lat' dir='ltr'><strong>quae</strong></span> <span class='ocrx_word' id='word_1_119' title='bbox 1325 2839 1377 2894; x_wconf 89' lang='lat' dir='ltr'><strong>est</strong></span> <span class='ocrx_word' id='word_1_120' title='bbox 1390 2823 1523 2897; x_wconf 75' lang='lat' dir='ltr'><strong>Celticae</strong></span> 
     </span>
     <span class='ocr_line' id='line_1_19' title="bbox 461 2938 1525 3053; baseline 0.002 -30"><span class='ocrx_word' id='word_1_121' title='bbox 461 2955 585 3026; x_wconf 71' lang='lat' dir='ltr'><strong>Galliae</strong></span> <span class='ocrx_word' id='word_1_122' title='bbox 602 2981 700 3053; x_wconf 88' lang='lat' dir='ltr'><strong>pars,</strong></span> <span class='ocrx_word' id='word_1_123' title='bbox 728 2955 775 3026; x_wconf 90' lang='lat' dir='ltr'><strong>ad</strong></span> <span class='ocrx_word' id='word_1_124' title='bbox 797 2980 921 3025; x_wconf 90' lang='lat' dir='ltr'><strong>rerum·</strong></span> <span class='ocrx_word' id='word_1_125' title='bbox 936 2938 1191 3024; x_wconf 83' lang='lat' dir='ltr'><strong>immanitatem</strong></span> <span class='ocrx_word' id='word_1_126' title='bbox 1217 2952 1419 3030; x_wconf 85' lang='lat' dir='ltr'><strong>incitantur.</strong></span> <span class='ocrx_word' id='word_1_127' title='bbox 1449 2959 1525 3026; x_wconf 74' lang='lat' dir='ltr'><strong>llaec</strong></span> 
     </span>
     <span class='ocr_line' id='line_1_20' title="bbox 463 3081 1525 3180; baseline -0.001 -24"><span class='ocrx_word' id='word_1_128' title='bbox 463 3109 548 3180; x_wconf 86' lang='lat' dir='ltr'><strong>gens</strong></span> <span class='ocrx_word' id='word_1_129' title='bbox 566 3084 611 3156; x_wconf 93' lang='lat' dir='ltr'><strong>ab</strong></span> <span class='ocrx_word' id='word_1_130' title='bbox 629 3085 751 3156; x_wconf 89' lang='lat' dir='ltr'><strong>insulis</strong></span> <span class='ocrx_word' id='word_1_131' title='bbox 764 3084 889 3155; x_wconf 87' lang='lat' dir='ltr'><strong>oceani</strong></span> <span class='ocrx_word' id='word_1_132' title='bbox 906 3081 1186 3180; x_wconf 89' lang='lat' dir='ltr'><strong>septentrionalis</strong></span> <span class='ocrx_word' id='word_1_133' title='bbox 1199 3081 1449 3162; x_wconf 88' lang='lat' dir='ltr'><strong>remotioribus</strong></span> <span class='ocrx_word' id='word_1_134' title='bbox 1467 3084 1525 3155; x_wconf 88' lang='lat' dir='ltr'><strong>diu</strong></span> 
     </span>
     <span class='ocr_line' id='line_1_21' title="bbox 462 3208 1526 3312; baseline 0.002 -30"><span class='ocrx_word' id='word_1_135' title='bbox 462 3227 545 3283; x_wconf 91' lang='lat' dir='ltr'><strong>ante</strong></span> <span class='ocrx_word' id='word_1_136' title='bbox 556 3214 709 3302; x_wconf 82' lang='lat' dir='ltr'><strong>exierat,</strong></span> <span class='ocrx_word' id='word_1_137' title='bbox 726 3227 760 3284; x_wconf 88' lang='lat' dir='ltr'><strong>et</strong></span> <span class='ocrx_word' id='word_1_138' title='bbox 771 3237 835 3312; x_wconf 90' lang='lat' dir='ltr'><strong>per</strong></span> <span class='ocrx_word' id='word_1_139' title='bbox 846 3212 957 3282; x_wconf 89' lang='lat' dir='ltr'><strong>maria</strong></span> <span class='ocrx_word' id='word_1_140' title='bbox 970 3209 1122 3281; x_wconf 90' lang='lat' dir='ltr'><strong>errando</strong></span> <span class='ocrx_word' id='word_1_141' title='bbox 1136 3208 1245 3281; x_wconf 89' lang='lat' dir='ltr'><strong>classe</strong></span> <span class='ocrx_word' id='word_1_142' title='bbox 1259 3209 1423 3302; x_wconf 89' lang='lat' dir='ltr'><strong>devecta,</strong></span> <span class='ocrx_word' id='word_1_143' title='bbox 1436 3237 1526 3284; x_wconf 89' lang='lat' dir='ltr'><strong>sum-</strong></span> 
     </span>
     <span class='ocr_line' id='line_1_22' title="bbox 463 3339 1526 3437; baseline -0.001 -26"><span class='ocrx_word' id='word_1_144' title='bbox 463 3365 560 3434; x_wconf 88' lang='lat' dir='ltr'><strong>mam</strong></span> <span class='ocrx_word' id='word_1_145' title='bbox 583 3341 677 3412; x_wconf 90' lang='lat' dir='ltr'><strong>hanc</strong></span> <span class='ocrx_word' id='word_1_146' title='bbox 704 3341 898 3425; x_wconf 83' lang='lat' dir='ltr'><strong>Galliarum</strong></span> <span class='ocrx_word' id='word_1_147' title='bbox 922 3354 1059 3437; x_wconf 90' lang='lat' dir='ltr'><strong>partem</strong></span> <span class='ocrx_word' id='word_1_148' title='bbox 1074 3339 1244 3434; x_wconf 87' lang='lat' dir='ltr'><strong>attigerat.</strong></span> <span class='ocrx_word' id='word_1_149' title='bbox 1267 3341 1366 3437; x_wconf 85' lang='lat' dir='ltr'><strong>Saepe</strong></span> <span class='ocrx_word' id='word_1_150' title='bbox 1386 3364 1526 3436; x_wconf 88' lang='lat' dir='ltr'><strong>quoque</strong></span> 
     </span>
     <span class='ocr_line' id='line_1_23' title="bbox 462 3469 1525 3571; baseline 0 -30"><span class='ocrx_word' id='word_1_151' title='bbox 462 3497 542 3542; x_wconf 91' lang='lat' dir='ltr'><strong>eam</strong></span> <span class='ocrx_word' id='word_1_152' title='bbox 558 3472 664 3542; x_wconf 88' lang='lat' dir='ltr'><strong>armis</strong></span> <span class='ocrx_word' id='word_1_153' title='bbox 682 3473 874 3571; x_wconf 83' lang='lat' dir='ltr'><strong>impetivit,</strong></span> <span class='ocrx_word' id='word_1_154' title='bbox 908 3495 998 3568; x_wconf 86' lang='lat' dir='ltr'><strong>saepe</strong></span> <span class='ocrx_word' id='word_1_155' title='bbox 1025 3469 1131 3540; x_wconf 90' lang='lat' dir='ltr'><strong>etiam</strong></span> <span class='ocrx_word' id='word_1_156' title='bbox 1152 3493 1174 3538; x_wconf 91' lang='lat' dir='ltr'><strong>a</strong></span> <span class='ocrx_word' id='word_1_157' title='bbox 1194 3484 1294 3540; x_wconf 69' lang='lat' dir='ltr'><strong>terra</strong></span> <span class='ocrx_word' id='word_1_158' title='bbox 1312 3470 1525 3568; x_wconf 89' lang='lat' dir='ltr'><strong>principibus</strong></span> 
     </span>
     <span class='ocr_line' id='line_1_24' title="bbox 462 3597 1526 3687; baseline 0.002 -18"><span class='ocrx_word' id='word_1_159' title='bbox 462 3597 599 3671; x_wconf 88' lang='lat' dir='ltr'><strong>devicta</strong></span> <span class='ocrx_word' id='word_1_160' title='bbox 616 3599 794 3672; x_wconf 90' lang='lat' dir='ltr'><strong>occubuit.</strong></span> <span class='ocrx_word' id='word_1_161' title='bbox 816 3599 923 3687; x_wconf 91' lang='lat' dir='ltr'><strong>Quod</strong></span> <span class='ocrx_word' id='word_1_162' title='bbox 941 3625 1023 3671; x_wconf 92' lang='lat' dir='ltr'><strong>cum</strong></span> <span class='ocrx_word' id='word_1_163' title='bbox 1045 3599 1222 3669; x_wconf 90' lang='lat' dir='ltr'><strong>multoties</strong></span> <span class='ocrx_word' id='word_1_164' title='bbox 1239 3601 1332 3670; x_wconf 92' lang='lat' dir='ltr'><strong>inter</strong></span> <span class='ocrx_word' id='word_1_165' title='bbox 1350 3625 1426 3671; x_wconf 90' lang='lat' dir='ltr'><strong>sese</strong></span> <span class='ocrx_word' id='word_1_166' title='bbox 1457 3625 1526 3671; x_wconf 90' lang='lat' dir='ltr'><strong>mo·</strong></span> 
     </span>
     <span class='ocr_line' id='line_1_25' title="bbox 461 3727 1524 3826; baseline 0.007 -29"><span class='ocrx_word' id='word_1_167' title='bbox 461 3744 595 3814; x_wconf 89' lang='lat' dir='ltr'><strong>verent,</strong></span> <span class='ocrx_word' id='word_1_168' title='bbox 624 3731 741 3800; x_wconf 89' lang='lat' dir='ltr'><strong>visum</strong></span> <span class='ocrx_word' id='word_1_169' title='bbox 762 3729 826 3799; x_wconf 86' lang='lat' dir='ltr'><strong>fuit</strong></span> <span class='ocrx_word' id='word_1_170' title='bbox 842 3727 962 3800; x_wconf 86' lang='lat' dir='ltr'><strong>Galliae</strong></span> <span class='ocrx_word' id='word_1_171' title='bbox 983 3727 1203 3826; x_wconf 63' lang='lat' dir='ltr'><strong>primatibus</strong></span> <span class='ocrx_word' id='word_1_172' title='bbox 1226 3744 1265 3799; x_wconf 91' lang='lat' dir='ltr'><strong>ut</strong></span> <span class='ocrx_word' id='word_1_173' title='bbox 1289 3729 1387 3800; x_wconf 92' lang='lat' dir='ltr'><strong>dono</strong></span> <span class='ocrx_word' id='word_1_174' title='bbox 1407 3755 1524 3826; x_wconf 81' lang='lat' dir='ltr'><strong>regunt</strong></span> 
     </span>
    </p>
   </div>
   <div class='ocr_carea' id='block_1_6' title="bbox 496 4009 1190 4173">
    <p class='ocr_par' dir='ltr' id='par_1_9' title="bbox 496 4009 1190 4173">
     <span class='ocr_line' id='line_1_26' title="bbox 496 4009 868 4084; baseline 0.013 -25"><span class='ocrx_word' id='word_1_175' title='bbox 496 4009 511 4041; x_wconf 49' lang='grc' dir='ltr'>Ψ</span> <span class='ocrx_word' id='word_1_176' title='bbox 530 4009 573 4060; x_wconf 85' lang='lat' dir='ltr'><strong>atti</strong></span> <span class='ocrx_word' id='word_1_177' title='bbox 589 4029 618 4059; x_wconf 70' lang='lat' dir='ltr'><strong>ea</strong></span> <span class='ocrx_word' id='word_1_178' title='bbox 635 4015 737 4080; x_wconf 81' lang='lat' dir='ltr'><strong>conject.</strong></span> <span class='ocrx_word' id='word_1_179' title='bbox 752 4015 868 4084; x_wconf 82' lang='lat' dir='ltr'><strong>supplevi.</strong></span> 
     </span>
     <span class='ocr_line' id='line_1_27' title="bbox 498 4099 1190 4173; baseline 0.001 -24"><span class='ocrx_word' id='word_1_180' title='bbox 498 4099 506 4128; x_wconf 86' lang='lat'><strong>¹</strong></span> <span class='ocrx_word' id='word_1_181' title='bbox 526 4099 619 4151; x_wconf 91' lang='lat' dir='ltr'><strong>habuit</strong></span> <span class='ocrx_word' id='word_1_182' title='bbox 637 4101 786 4155; x_wconf 86' lang='lat' dir='ltr'><strong>ludovicum</strong></span> <span class='ocrx_word' id='word_1_183' title='bbox 804 4123 890 4173; x_wconf 79' lang='lat' dir='ltr'><strong>regem</strong></span> <span class='ocrx_word' id='word_1_184' title='bbox 908 4122 931 4154; x_wconf 84' lang='lat' dir='ltr'><strong>c.</strong></span> <span class='ocrx_word' id='word_1_185' title='bbox 947 4103 975 4152; x_wconf 88' lang='lat' dir='ltr'><strong>b.</strong></span> <span class='ocrx_word' id='word_1_186' title='bbox 993 4119 1068 4152; x_wconf 87' lang='lat' dir='ltr'><strong>avum</strong></span> <span class='ocrx_word' id='word_1_187' title='bbox 1086 4119 1147 4152; x_wconf 83' lang='lat' dir='ltr'><strong>vero</strong></span> <span class='ocrx_word' id='word_1_188' title='bbox 1167 4103 1190 4152; x_wconf 86' lang='grc'><strong>1.</strong></span> 
     </span>
    </p>
   </div>
   <div class='ocr_carea' id='block_1_7' title="bbox 497 4189 885 4332">
    <p class='ocr_par' dir='ltr' id='par_1_10' title="bbox 497 4189 885 4332">
     <span class='ocr_line' id='line_1_28' title="bbox 497 4189 885 4259; baseline 0.01 -21"><span class='ocrx_word' id='word_1_189' title='bbox 497 4189 509 4218; x_wconf 78' lang='lat'>²</span> <span class='ocrx_word' id='word_1_190' title='bbox 528 4207 563 4239; x_wconf 90' lang='lat' dir='ltr'><strong>m.</strong></span> <span class='ocrx_word' id='word_1_191' title='bbox 580 4191 661 4259; x_wconf 86' lang='lat' dir='ltr'><strong>paulo</strong></span> <span class='ocrx_word' id='word_1_192' title='bbox 676 4205 736 4243; x_wconf 78' lang='lat' dir='ltr'><strong>aitte</strong></span> <span class='ocrx_word' id='word_1_193' title='bbox 752 4193 842 4244; x_wconf 84' lang='lat' dir='ltr'><strong>amissa</strong></span> <span class='ocrx_word' id='word_1_194' title='bbox 862 4195 885 4244; x_wconf 85' lang='grc'><strong>1.</strong></span> 
     </span>
     <span class='ocr_line' id='line_1_29' title="bbox 498 4278 717 4332; baseline 0.005 -3"><span class='ocrx_word' id='word_1_195' title='bbox 498 4278 510 4308; x_wconf 78' lang='lat'><strong>³</strong></span> <span class='ocrx_word' id='word_1_196' title='bbox 528 4279 674 4332; x_wconf 85' lang='lat' dir='ltr'><strong>Commoda</strong></span> <span class='ocrx_word' id='word_1_197' title='bbox 693 4284 717 4332; x_wconf 86' lang='lat' dir='ltr'><strong>l.</strong></span> 
     </span>
    </p>
   </div>
   <div class='ocr_carea' id='block_1_8' title="bbox 0 0 1722 5392">
    <p class='ocr_par' dir='ltr' id='par_1_11' title="bbox 0 0 1722 5392">
     <span class='ocr_line' id='line_1_30' title="bbox 0 0 1722 5392; baseline 0 0"><span class='ocrx_word' id='word_1_198' title='bbox 0 0 1722 5392; x_wconf 95' lang='lat' dir='ltr'><strong> </strong></span> 
     </span>
    </p>
   </div>
  </div>
 </body>
</html>
