3417 5392
453 575 514 637 266
821 572 989 636 alcazar
1011 572 1087 633 LIB.
1111 572 1156 633 Π.

942 748 1046 809 xcur.

499 880 677 955 Aliorsum
687 882 807 980 itaque
819 883 887 957 iter
895 896 1124 980 retorquent,
1145 892 1182 954 et
1193 904 1307 978 usque
1319 878 1365 955 ad
1377 880 1516 959 fluvium

452 1002 675 1099 Sequanam,
703 1000 875 1101 quioquid
893 1000 994 1075 ducis
1019 998 1137 1073 visum
1152 1013 1207 1075 est
1228 1024 1294 1099 per
1313 1000 1361 1081 to
1379 998 1517 1077 miliaria
1663 1085 1664 1090 Ἰ

451 1117 707 1193 immanissime
717 1118 879 1193 insectati
892 1132 988 1191 sunt.
1004 1115 1076 1191 Sed
1094 1140 1178 1189 cum
1188 1116 1319 1189 fluvius
1331 1116 1515 1225 equitatum
1663 1137 1664 1174 2

451 1236 590 1334 regium
607 1235 754 1311 ulterius
774 1234 1005 1335 prohiberet,
1028 1258 1091 1307 rex
1116 1233 1246 1332 gratias
1263 1233 1431 1308 exercitui
1445 1236 1517 1311 rod·

452 1350 524 1445 dit,
543 1367 583 1427 et
593 1376 715 1427 secum
725 1376 839 1451 usque
851 1377 926 1452 quo
938 1376 963 1425 a
972 1377 1010 1425 se
1024 1349 1270 1424 dividerentur
1280 1349 1429 1425 reducit.
1443 1356 1517 1433 Dux
1663 1381 1664 1444 g

451 1469 762 1567 autemerestigio
778 1470 977 1543 exennium
991 1466 1185 1545 collectum
1207 1468 1247 1540 in
1268 1491 1404 1567 pagum
1425 1470 1519 1543 Suer-

452 1586 617 1658 sonicum
629 1584 787 1659 deducit.

937 1775 1036 1831 XCIV.

495 1941 571 2017 Ubi
592 1968 677 2024 cum
697 1944 734 2020 in
753 1966 874 2042 regem
894 1956 1099 2036 conaretur,
1119 1940 1438 2020 intervenientibm
1451 1945 1521 2043 epi-

452 2060 570 2159 mopia
587 2060 744 2139 widone
766 2060 1052 2153 Autisidorenao‚
1075 2074 1113 2135 et
1129 2061 1299 2159 Ansegiso
1311 2060 1514 2153 Trecasino,

447 2175 682 2275 jurejurando
703 2178 884 2275 utrimque
902 2191 1050 2277 aooepto
1067 2176 1137 2251 aab
1153 2200 1242 2278 paee
1261 2190 1456 2274 aequaeua,
1469 2202 1517 2251 ur·

451 2316 523 2390 quo
540 2294 578 2365 in
592 2293 970 2367 Pascimratioeorum
985 2292 1095 2367 dilata
1111 2310 1176 2368 eat.
1193 2293 1419 2384 Quaeomnia
1434 2292 1517 2367 Juiio

450 2409 598 2489 moneo*
626 2424 725 2509 gesta
741 2424 838 2485 aunt.

938 2604 1024 2720 de.

500 2776 584 2861 Quo
606 2774 715 2847 etiam
732 2788 912 2875 tempore,
932 2772 1081 2847 sinodus
1103 2776 1227 2845 Romae
1255 2770 1380 2845 habita
1403 2787 1455 2845 est
1485 2774 1517 2846 in
1663 2817 1664 2838 r

451 2884 597 2961 basilica
614 2890 742 2963 Sancti,
761 2891 857 2962 Petri
875 2891 1029 2991 apostoli
1046 2889 1258 2993 praesidente
1282 2890 1423 2964 domno
1441 2894 1518 2988 Aga·

450 3004 528 3107 pito
544 3030 649 3107 papa.
664 3011 707 3104 in
718 3032 789 3106 qua
807 3008 916 3084 etiam
928 3009 1005 3110 ipse
1022 3008 1180 3086 domnus
1197 3032 1313 3109 papa,
1334 3006 1518 3079 oonoilium

450 3123 628 3197 anteriore
652 3149 750 3197 anno
767 3124 865 3227 apud
883 3118 1092 3225 Angleheim
1108 3122 1292 3217 habitum,
1313 3148 1439 3197 ooram
1456 3126 1520 3225 epi·

449 3240 567 3341 scopis
591 3238 697 3314 Italiae
715 3240 918 3334 roboravit,
940 3258 977 3315 et
1000 3242 1048 3316 ab
1070 3242 1122 3316 eis
1141 3240 1304 3315 roborari
1327 3242 1514 3313 constituit.

448 3360 639 3460 Hugonem
655 3384 801 3463 quoque
814 3358 1010 3433 Galliarum
1030 3358 1178 3452 ducem,
1199 3359 1236 3431 in
1258 3356 1462 3457 supradicta
1481 3359 1517 3430 si

448 3472 548 3547 nodo
586 3475 843 3577 dampnatum,
871 3478 950 3578 ¹ipse
978 3476 1087 3550 etiam
1108 3475 1377 3574 oondempnat‚
1409 3473 1518 3548 donec

448 3591 524 3689 regi
537 3616 603 3666 suo
615 3594 825 3686 satisfaciat,
848 3609 910 3665 aut
923 3596 1075 3665 Romam
1091 3592 1212 3665 veniat
1233 3590 1318 3665 inde
1340 3592 1519 3664 ratiocina-

448 3722 563 3781 tums.
590 3714 745 3811 Moxque
767 3710 958 3786 anathema
977 3710 1198 3811 descriptum
1219 3724 1255 3783 et
1272 3734 1293 3783 a
1309 3708 1442 3788 sinodo
1464 3732 1519 3781 ro-
1663 3741 1664 3764 1

448 3822 637 3920 boratum,
658 3830 834 3931 epiaoopia
851 3830 1049 3903 Galliarum
1066 3825 1276 3901 destinatur.

483 4062 790 4136 *Augustitemporeh
