3417 5392
447 567 487 626 st
825 569 992 634 uterium
1016 573 1090 637 LIB.
1116 575 1141 634 1.

445 687 651 784 ingreditur.
674 692 775 787 Regis
792 693 889 764 euim
907 691 1089 783 sollicitus,
1109 693 1332 768 desertorum
1355 699 1516 775 fraudem

445 822 686 904 praesenserat.
713 812 761 878 Et
782 809 858 907 ipse
880 809 1027 906 quidem
1049 812 1147 910 prius
1170 837 1254 883 cum
1279 818 1418 913 paucis,
1439 837 1520 917 post

433 947 532 994 -vero
546 925 613 1013 sui,
634 923 772 996 favente
790 925 940 1018 Riculfo,
950 926 1110 1022 ejusdem
1123 928 1221 1000 urbis
1234 930 1417 1032 episcopo,
1438 959 1520 1008 con-

445 1057 635 1136 sequenter
660 1039 908 1115 admittuntur.
942 1045 1092 1116 Armatis
1114 1045 1233 1143 itaque
1258 1048 1516 1141 circumdatae,

445 1156 636 1229 concilium
661 1157 896 1250 desertorum,
918 1159 1140 1261 stupentibus
1163 1163 1515 1262 cunctis„penetrat;

446 1271 627 1372 iactusque
645 1273 834 1346 terribilis:
859 1305 876 1343 «
901 1275 969 1348 Ubi
990 1278 1138 1374 inquam
1155 1292 1209 1349 est
1226 1277 1395 1351 dominus
1417 1307 1519 1357 meus

314 1489 318 1498 Ι
444 1390 565 1461 rexi»
592 1394 643 1461 Ex
661 1405 735 1462 tam
759 1391 896 1483 multis,
919 1394 1024 1491 pauci
1046 1393 1243 1466 admodum
1276 1397 1517 1496 respondendi

444 1508 536 1578 vires
553 1507 726 1600 habuere,
755 1534 832 1580 sese
849 1511 990 1608 penitus
1019 1509 1188 1609 deceptos
1204 1513 1282 1584 rati.
1304 1514 1387 1601 Qui'
1398 1530 1516 1588 tamen

446 1648 541 1714 cum,
567 1623 701 1696 viribus
727 1627 904 1717 resumtis,
929 1626 1112 1699 dicerent:
1133 1658 1151 1696 a
1169 1632 1267 1701 Intro
1286 1655 1370 1701 curn
1394 1634 1516 1730 paucis

445 1737 639 1812 consultat!
652 1742 987 1842 metropolitanus,
1008 1745 1100 1815 ostio
1118 1742 1514 1837 obserato,vitninfert;

444 1857 601 1955 serisque
626 1857 880 1955 pessumdatis,
909 1861 1012 1934 cum'
1045 1862 1166 1960 paucis
1183 1861 1367 1934 sedentem
1395 1887 1517 1963 reppe

444 1970 502 2044 rit,
522 1978 674 2072 Captum
687 1975 784 2046 enim
800 1977 1009 2050 custodibus
1028 1977 1195 2050 adhibitis
1212 1979 1387 2076 ergastulo
1402 1979 1517 2080 'depu-

443 2103 614 2165 taverunt.
623 2099 705 2183 Quo
715 2095 1010 2194 metropolitanus
1020 2119 1130 2167 manu
1138 2094 1513 2194 apprehenso:«Veni,

443 2208 571 2306 inquit,
591 2235 665 2300 rex,
695 2215 833 2311 tuisque
850 2214 971 2312 potius
989 2227 1098 2283 utere.
1119 2239 1136 2276 u
1148 2214 1191 2282 Et
1208 2210 1258 2283 sic
1275 2236 1297 2283 a
1313 2211 1517 2310 metropoli·

443 2339 527 2397 tano
551 2353 572 2399 e
595 2327 818 2401 desertorum
844 2327 965 2400 medio
991 2327 1141 2399 eductus
1174 2342 1238 2398 est.
1277 2331 1380 2400 Tunc·
1408 2329 1514 2400 etiam

443 2467 576 2540 equum
607 2446 824 2536 ascendens,
852 2469 937 2516 cnm
970 2448 1080 2535 t,500
1108 2457 1327 2514 armatorum
1353 2443 1400 2515 ab
1426 2444 1514 2517 urbe

441 2559 547 2632 exivit
564 2565 671 2659 atque
689 2566 818 2635 Remos
836 2561 991 2633 devenit.
1014 2565 1098 2632 Post
1114 2560 1216 2656 cujus
1229 2559 1435 2651 discessum,
1457 2561 1514 2634 de·

438 2690 589 2750 sertores
619 2679 775 2777 pudore·
789 2678 945 2775 confusi,
968 2675 1090 2749 illusos
1118 2699 1193 2748 sese
1219 2675 1506 2774 indignabantur.

437 2795 676 2894 Confusique²
702 2797 749 2869 ad
772 2795 982 2869 ttotbertum
1010 2793 1179 2884 redeunt,
1208 2808 1315 2891 atque
1337 2819 1414 2866 rem
1436 2820 1509 2892 non

437 2911 520 2982 satis
541 2937 712 3011 prospere
742 2927 876 3010 gestam
905 2913 1078 2986 desertori
1101 2911 1287 3009 transfirgae
1313 2926 1506 3009 reportant.

437 3027 588 3126 Karolus
600 3053 686 3100 vero
698 3053 759 3100 rex
772 3054 855 3101 cum
869 3027 1145 3127 metropolitano
1158 3027 1305 3128 aliisque
1312 3029 1435 3127 paucis
1448 3029 1507 3126 qui

435 3167 457 3212 a
469 3168 508 3214 se
525 3144 672 3240 quidem
691 3144 907 3237 deiecerant,
928 3147 1142 3245 sapientium
1155 3161 1275 3218 tamen
1293 3145 1443 3217 consilio
1461 3146 1506 3218 ad

380 3247 389 3263 ⁹
434 3284 473 3331 se
485 3262 616 3338 reversi
633 3278 751 3352 erant,
772 3262 917 3360 Belgicae
934 3263 1103 3336 interiora
1125 3263 1268 3361 repetit,
1289 3274 1337 3334 ac'
1347 3265 1506 3359 Tungros

385 3467 392 3478 Ι
433 3377 608 3450 coneedit.
636 3379 771 3477 Ibique,
792 3381 962 3481 episcopo
980 3394 1066 3450 tuuc
1078 3373 1264 3468 defirnoto,
1280 3377 1502 3470 Hilduintun,

432 3492 582 3591 eligente
603 3495 700 3568 clero
719 3521 761 3571 ac
783 3495 919 3596 populo
944 3495 1101 3586 favente,
1116 3519 1180 3593 per
1199 3493 1504 3595 archiepiscopum

430 3611 687 3685 Herimannum
714 3614 901 3713 presulem
930 3613 1089 3701 ordinat,
1114 3613 1230 3683 virum
1252 3610 1434 3684 liberalem
1460 3637 1500 3684 ae

429 3741 627 3820 strennum,
648 3729 711 3803 sed
729 3731 927 3802 factiosum.
949 3735 1039 3802 Nam
1055 3755 1140 3802 mox
1157 3730 1345 3828 episcopus
1363 3729 1502 3802 ordina·

428 3860 497 3936 tus,
515 3845 557 3917 iis
573 3846 718 3944 Belgicae
730 3848 950 3947 principibus
960 3848 1044 3945 qui⁸
1062 3848 1231 3921 Rotberto
1248 3848 1330 3920 duci
1350 3849 1386 3918 in
1407 3849 1496 3944 regis

425 3959 623 4059 abjectione
638 3964 819 4056 favebant,
840 3990 925 4037 mox
937 3965 1037 4038 haesit
1049 3982 1085 4037 et
1097 3965 1193 4055 iavit,
1204 3964 1399 4064 plurimum
1410 3987 1492 4038 cum

460 4184 467 4213 ¹
488 4203 550 4235 corr.
568 4183 672 4238 duobus
684 4199 785 4240 tantum
799 4190 823 4238 i.

456 4267 469 4298 ¹
488 4268 602 4338 lratique
617 4272 640 4321 i.

452 4353 463 4387 ⁸
480 4370 508 4428 q.
521 4371 582 4405 cum
593 4355 709 4408 rotberto
720 4355 787 4409 duce
798 4375 886 4427 regent
895 4357 1040 4428 abjecerant
1057 4359 1081 4410 Ι.
