3417 5392
488 513 529 574 66
865 511 1030 572 lllCllElll
1055 513 1127 572 ΗΒ.
1152 515 1176 572 l.

487 657 565 728 quae
580 633 619 703 in
636 633 848 728 augmento·
873 648 943 722 est,
966 647 1004 703 ut
1022 622 1110 705 dum
1139 631 1252 705 multo
1279 634 1416 707 fervore
1435 638 1549 712 hostes

486 765 646 839 ruerent,
662 741 834 822 exercitus
853 749 1080 822 circulatione
1099 751 1355 850 exciperentur.
1378 754 1435 825 Sic
1448 755 1549 828 etiam

485 865 531 937 ab
548 867 590 940 iis
602 866 665 966 qui
681 867 719 938 in
737 892 850 938 contu
870 883 1020 964 utroque
1038 867 1283 966 persisterent,
1299 884 1432 966 atergo
1450 896 1551 972 appe-

484 984 555 1075 titi,
576 1010 676 1057 more
696 984 876 1084 pecudum
894 998 1143 1057 sternerentur.

528 1538 589 1608 llis
598 1552 682 1633 ergo
694 1535 733 1604 in
743 1548 892 1630 utraque
906 1546 1005 1630 parte
1017 1531 1159 1629 paratis,
1173 1545 1321 1627 uterque
1335 1533 1507 1604 exercitus
1516 1535 1542 1624 ²,

478 1651 584 1747 signis
601 1650 753 1740 collatis,
778 1647 1017 1744 congreditur.
1047 1647 1234 1719 Rotbertus
1257 1672 1339 1719 curn
1357 1651 1541 1742 Neustriis,

477 1766 671 1839 Dalmatius
683 1791 766 1838 cum
778 1763 958 1861 Aquitanis
971 1763 1127 1859 legiones
1136 1763 1331 1862 piratarum
1344 1777 1541 1862 penetrant,

476 1885 664 1982 statimque
687 1883 733 1954 ab
756 1883 798 1953 iis
815 1882 877 1979 qui
895 1881 932 1950 in
950 1877 1119 1950 cornibus
1141 1894 1254 1968 erant,
1275 1903 1296 1950 a
1320 1894 1418 1976 tergo
1438 1879 1543 1980 impe

476 2015 609 2072 tuntur.
636 2003 719 2070 Mox
736 2021 880 2097 quoque
897 1993 956 2067 et³
985 1995 1097 2092 Belgae
1121 1995 1304 2094 improvisi
1326 2021 1543 2095 prosequun·
1603 2038 1607 2048 ·

476 2131 546 2206 tur,
562 2131 668 2214 atque
684 2116 814 2215 piratas
826 2115 889 2211 qui
906 2129 1037 2208 atergo
1051 2137 1134 2183 suos
1147 2111 1375 2212 premebant,
1396 2113 1541 2186 immani

474 2233 563 2304 cede
575 2247 735 2304 sternunt
747 2233 774 2302 ⁴.
792 2229 944 2302 Neustrii
955 2253 1099 2326 quoque
1113 2229 1328 2299 atrocissime
1342 2229 1486 2300 instant.
1502 2234 1539 2300 ln

473 2372 546 2445 qua
574 2348 845 2436 commixtione,
867 2369 950 2416 cum
972 2344 1146 2448 Aquitani¹
1161 2344 1535 2443 piratis-circumdati,

473 2463 586 2535 multo
599 2464 788 2536 conamine
805 2486 868 2533 eos
888 2485 979 2558 quos
997 2459 1226 2557 impellebant
1246 2461 1283 2531 in
1305 2459 1423 2557 fugam
1442 2486 1550 2558 coge·¹

473 2595 569 2671 rent,
589 2581 614 2651 ii
631 2579 743 2678 quiin
761 2577 929 2650 cornibus
942 2577 1183 2677 perstiterant,
1204 2576 1347 2674 aBelgis
1360 2578 1446 2680 hinc
1463 2605 1537 2679 pre

470 2696 670 2786 mebantur,
692 2695 776 2766 inde
798 2719 884 2765 vcro
909 2692 955 2764 ab
980 2693 1160 2791 Aquitanis
1186 2694 1364 2800 conversis
1391 2695 1538 2768 letaliter

470 2811 698 2909 urgebantur.
715 2810 877 2909 Superati
893 2809 1011 2907 itaque
1024 2834 1123 2880 arma
1140 2808 1342 2909 deponunt,
1359 2834 1401 2883 ac
1419 2813 1536 2886 multis

469 2904 683 3000 clamoribus
695 2951 762 3027 pro
774 2927 846 2997 vita
860 2924 1069 3024 supplicant.
1093 2925 1280 2997 Rotbertus
1297 2927 1416 3024 itaque
1434 2945 1536 3004 tantae

469 3044 712 3144 caediparcere
725 3043 832 3142 petit,
853 3067 895 3112 ac
914 3042 1020 3115 instat
1043 3057 1084 3112 ut
1106 3057 1285 3120 eruantur.
1308 3044 1375 3114 Vix
1392 3070 1534 3143 quoque

468 3160 514 3231 ab
527 3160 622 3232 caede
635 3159 767 3257 quievit
783 3158 973 3246 exercitus,
999 3156 1112 3228 multo
1129 3159 1363 3258 prosperioris
1386 3161 1533 3234 fortunae

467 3276 630 3347 incitatus
648 3299 822 3347 successu.
844 3272 974 3344 Sedato
996 3298 1082 3345 vero
1096 3274 1266 3365 tumultu,
1287 3276 1348 3373 qui
1365 3276 1530 3351 intereos

467 3394 623 3493 potiores
635 3391 859 3479 videbantur,
874 3414 897 3461 a
907 3389 998 3461 duce
1010 3390 1103 3488 capti
1117 3406 1211 3481 sunt,
1228 3391 1353 3489 reliqui
1366 3417 1453 3465 vero
1467 3379 1531 3466 sub

463 3509 543 3605 jure
556 3507 723 3581 obsidum
738 3506 786 3579 ad
798 3505 945 3606 classem
962 3505 1078 3577 redire
1095 3507 1357 3605 permittuntur.

946 3677 1047 3730 XXXI.

514 3833 652 3902 Patrata
668 3852 751 3924 ergo
764 3827 924 3916 victoria,
947 3826 1170 3921 exercituque
1189 3825 1318 3932 soluto,
1343 3810 1530 3901 Rotbertus

502 4019 509 4048 ¹
528 3988 586 4086 qus>
596 4015 687 4085 quinta
699 4026 737 4066 est
745 4015 771 4065 l.

498 4102 552 4153 ἐ.
565 4094 1106 4165 ωωωικίωοοὴωοηάμίεἰυέαώὶ.

499 4185 510 4214 ³
527 4174 552 4236 et
563 4183 714 4254 gislebertus
724 4199 785 4233 curn
796 4179 877 4250 belgis
889 4177 1045 4249 improvisus
1057 4178 1223 4248 prosequitur
1231 4183 1256 4231 l.

498 4266 616 4318 ⁴sternit
628 4269 652 4316 l.
1332 4285 1334 4290 2

1679 849 1681 944 t
