3417 5392
466 556 528 617 tto
821 548 988 613 tttcttEttl
1010 550 1085 613 LlB.
1110 550 1152 611 ll.

469 678 606 767 subire,
635 674 797 749 habitum
822 672 1011 746 militarem
1048 673 1086 745 in
1112 671 1339 771 peregrinum
1371 672 1543 744 transfor·

469 809 625 885 mantes,
640 816 739 889 reges
750 804 1003 891 prevenerant,
1027 788 1315 861 obsecrationum
1331 804 1416 861 vota
1432 790 1543 861 simu-

467 912 580 984 lantes
595 910 622 980 ¹.
651 906 826 1010 Sportulis
847 910 966 1005 itaque
987 904 1034 979 ab
1052 906 1204 978 humero
1228 906 1538 1007 dependentibus,

468 1031 603 1101 ferratis
629 1028 766 1101 baculis
790 1025 1004 1126 pmcedunt.
1030 1023 1269 1122 Habitumque
1288 1025 1427 1095 mentiti
1442 1048 1543 1123 pere·

467 1148 608 1245 grinum
620 1201 630 1238 ,
656 1144 782 1217 urbem
806 1142 979 1214 Parisium
1003 1164 1087 1211 cum
1099 1142 1264 1237 Sequana
1281 1140 1452 1239 pontibus
1462 1167 1542 1240 per

468 1278 664 1337 transeunt.
690 1260 815 1334 Nullus
838 1259 890 1331 eis
911 1257 1082 1329 molestus
1104 1258 1234 1349 extitit3
1255 1281 1297 1330 ac
1316 1257 1420 1330 litora
1447 1274 1541 1346 exte·

467 1382 562 1453 riora
598 1378 727 1479 quibus
764 1400 873 1448 naves
909 1373 1122 1447 tenebantur
1163 1390 1303 1473 petunt.
1341 1377 1469 1474 Sioque
1504 1378 1540 1447 in

467 1498 662 1597 hospitium
680 1491 1033 1587 farinarii'cujusdam
1051 1490 1286 1583 divertentes,
1313 1517 1410 1583 sese,
1431 1495 1541 1591 gratia

468 1614 607 1687 visendi
620 1626 825 1684 sauctorum
839 1609 939 1699 loca,
960 1634 1005 1681 ex
1026 1608 1190 1681 citeriore
1211 1607 1339 1680 litore²
1356 1608 1543 1683 advenisse

469 1733 636 1806 referunt.
663 1728 875 1819 Farinarius,
893 1717 1047 1823 ¹juvenes
1067 1727 1244 1799 formosos
1265 1727 1303 1797 in
1321 1726 1447 1799 habitu
1463 1728 1544 1800 licet

469 1850 609 1947 abjecto
622 1846 865 1937 considerans,
880 1844 1077 1942 hospitium
1090 1858 1268 1941 gratanter
1279 1846 1540 1937 accommodat,

469 1984 505 2041 et
528 1968 673 2065 insuper
701 1962 910 2051 eosmitius
934 1975 1047 2033 curat.
1075 1961 1145 2049 Qui
1171 1959 1333 2031 fraudem
1359 1961 1542 2053 meditati,

470 2108 638 2157 nummos
657 2082 768 2171 dant,
781 2080 977 2177 vinumque
995 2078 1141 2151 mercati
1153 2062 1333 2176 hospitem
1345 2078 1541 2169 inebriant;

469 2218 506 2275 et
519 2204 569 2275 sic
586 2198 809 2277 totamdiem
827 2196 983 2268 convivii
996 2193 1218 2291 jocunditate
1238 2211 1468 2268 consumunt.
1486 2202 1545 2271 lu·

470 2342 578 2389 venes
595 2316 774 2414 hospitem
791 2313 878 2383 vino
903 2309 1098 2383 faciliorem
1121 2302 1366 2401 advertentes,
1393 2311 1496 2409 quod
1513 2315 1545 2384 ei

470 2434 515 2506 sit
531 2431 690 2504 officium
708 2440 998 2528 percunctantur.
1015 2424 1078 2497 llle
1090 2425 1297 2497 farinarium
1314 2452 1390 2498 sese
1409 2453 1547 2501 memo-

471 2566 536 2623 rat.
561 2552 605 2621 ht
623 2547 673 2620 illi
689 2547 888 2645 prosecuti,
911 2544 940 2615 si
962 2542 1051 2641 quid
1070 2541 1375 2642 ampliuspossit,
1394 2545 1547 2617 interro-

471 2683 567 2766 gant.
588 2666 650 2738 Ille
663 2666 771 2737 etiam
784 2664 1001 2763 piscatorum
1015 2659 1115 2731 ducis
1128 2660 1334 2757 magistrum
1352 2686 1391 2733 se
1407 2663 1544 2752 asserit,

468 2802 571 2859 etex
589 2785 735 2856 navium
759 2778 1091 2853 accommodatione
1108 2793 1274 2875 questum
1297 2779 1453 2877 aliquem
1479 2781 1547 2852 sibi

472 2902 607 2974 adesse.
630 2898 683 2972 llli
700 2922 787 2971 vero
806 2924 814 2968 ε
839 2895 1074 2986 «Quoniam,
1090 2922 1109 2961 »
1128 2894 1315 2991 inquiunt,
1338 2896 1549 2969 «humanis-

477 3048 495 3087 u
513 3019 643 3090 dmum
655 3014 759 3089 nobis
772 3029 807 3085 tc
820 2996 1038 3103 invenimus,
1054 3010 1228 3110 ampliora
1239 3012 1346 3083 etiam
1359 3028 1544 3111 optamus:

475 3165 494 3204 «
512 3135 608 3227 unde
626 3134 704 3206 etsi
721 3130 896 3229 quiddam
913 3128 1018 3201 nobis
1031 3129 1158 3239 speias,
1186 3128 1313 3206 decem
1326 3130 1463 3203 solidos
1482 3156 1550 3203 nos

478 3284 495 3321 s
513 3252 725 3349 allegaturos
736 3248 966 3349 pollicemur,
986 3245 1201 3319 utvidelicet
1210 3261 1309 3318 nans
1320 3248 1471 3322 lluu'um
1482 3274 1548 3321 nos

476 3400 494 3439 α
511 3368 660 3459 evehas,
681 3392 726 3441 eo
744 3365 845 3466 quod
863 3365 1009 3471 ulterius
1026 3363 1221 3463 procedere
1238 3377 1379 3437 oratum
1394 3372 1551 3463 boquea·

476 3520 496 3557 α
513 3513 606 3579 mus,
622 3485 758 3559 itineris
768 3482 1147 3581 longitudinefatigati.
1162 3466 1183 3550 1»
1200 3487 1243 3553 At
1253 3480 1395 3596 bospite
1403 3508 1550 3584 respon·

476 3604 596 3697 dente,
612 3604 712 3677 ducis
722 3602 853 3692 edicto,
875 3624 983 3672 naves
999 3599 1047 3671 ad
1059 3601 1229 3673 interiora
1235 3599 1340 3672 litora
1352 3614 1485 3700 raptas,
1506 3628 1550 3675 ne

472 3722 662 3795 Germanis
683 3716 963 3818 irrumpentibus
978 3732 1098 3816 pateat
1114 3741 1292 3808 accessus,
1319 3718 1369 3789 illi
1389 3734 1550 3819 tempore

477 3854 656 3912 noctumo
674 3836 807 3936 absque
825 3835 1002 3907 calumnia
1019 3834 1058 3906 id
1076 3832 1153 3905 lieri
1173 3860 1279 3934 posse
1300 3852 1546 3935 prosecuntur.

477 3956 539 4029 llle
551 3956 710 4056 pecuniae
723 3952 897 4052 cupidus,
918 3951 1068 4027 naulum
1081 3952 1228 4050 accipit,
1254 3975 1296 4023 ac
1309 3951 1356 4023 de
1374 3951 1549 4050 patrando

514 4222 522 4251 ¹
542 4239 563 4272 s.
573 4218 654 4286 Quod
664 4230 690 4271 et
702 4218 783 4273 fertur
796 4217 923 4271 Bemardi
935 4217 1037 4273 comitis
1049 4218 1142 4271 astutia
1148 4216 1305 4289 dispositum
1312 4220 1366 4286 jam
1377 4216 1469 4269 deleta.

514 4305 525 4336 ¹
542 4304 610 4357 itore
626 4322 655 4353 α
672 4304 774 4371 conjece.
