3417 5392
692 506 694 511 ·
802 488 965 573 arenam
987 487 1062 549 un
1087 486 1130 546 ιι.

931 672 1003 724 lav.

488 829 626 897 Interea
638 826 723 893 Otto
740 846 801 893 rex
823 844 920 911 cum,
938 820 1063 891 Rheno
1077 816 1302 907 transmisso,
1319 816 1514 889 exercitum

438 966 503 1040 per
520 939 696 1037 Belgicam
715 937 878 1027 duceret,
893 936 1014 1008 obviat
1031 936 1105 1033 regi
1117 933 1330 1024 conrhado,
1352 936 1415 1032 qui
1429 949 1516 1005 tunc

440 1056 486 1130 ab
498 1056 644 1157 Alpibus
655 1080 833 1154 egressus,
854 1079 938 1126 cum
955 1051 1067 1125 multa
1086 1050 1311 1151 expeditione
1331 1051 1514 1124 Ludovioo

441 1198 646 1252 succurrere
667 1170 896 1245 accelerabat.
921 1170 1039 1241 Juncti
1057 1194 1141 1267 ergo
1159 1166 1286 1257 ambo,
1302 1194 1385 1239 curn
1400 1166 1515 1238 multo

443 1291 600 1389 equitatu
632 1286 894 1387 gradiebantur.
922 1290 1087 1374 Quorum
1113 1309 1293 1357 accessum
1316 1284 1517 1357 Ludovicus

443 1408 654 1495 dinoscens,
675 1404 775 1477 ocius
794 1402 961 1475 occurrit.
975 1406 1059 1473 Tres
1072 1403 1191 1501 itaque
1205 1426 1324 1499 reges,
1347 1402 1384 1473 in
1403 1426 1517 1486 unum

444 1523 601 1613 collecti,
629 1522 735 1621 primi
759 1521 962 1593 certaminis
983 1518 1144 1591 laborem
1170 1518 1344 1591 Lauduno
1364 1518 1518 1591 inferen-

445 1639 534 1713 dmn
547 1638 756 1712 decernunt.
778 1641 821 1709 Et
839 1638 914 1709 sine
926 1661 1052 1728 mora,
1070 1636 1132 1707 illo
1150 1637 1344 1708 exercitum
1366 1634 1515 1708 ducunt.

446 1762 538 1829 Cum
555 1778 639 1853 ergo
654 1779 697 1827 ex
714 1753 865 1826 adverso
885 1754 1018 1826 montis
1035 1753 1267 1825 eminentiam
1279 1750 1463 1844 viderent,
1485 1766 1521 1824 et

448 1872 548 1943 omni
560 1886 660 1970 parte
673 1869 771 1941 urbis
788 1872 896 1943 situm
913 1870 1161 1969 explorarent,
1181 1869 1325 1968 cognito
1344 1870 1521 1942 incassum

448 2014 526 2062 sese
541 1988 591 2060 ibi
619 2003 835 2078 certaturos,
862 1985 908 2059 ab
928 2010 971 2059 ea
992 1985 1082 2059 urbe
1105 1985 1317 2076 discedunt,
1340 1999 1376 2057 et
1393 1989 1523 2057 Remos

449 2104 672 2177 adoriuntur.
697 2102 766 2175 Ubi
784 2105 869 2202 quia
889 2102 1059 2201 planicies
1081 2102 1375 2174 commoditatem
1390 2102 1523 2173 exerci-

450 2222 545 2293 tibus
557 2220 724 2321 parabat,
748 2218 888 2292 obsidio
903 2221 1187 2317 circumquaque
1205 2218 1376 2317 disposita
1392 2233 1458 2289 est.
1481 2220 1525 2287 Et

452 2339 570 2437 primo
583 2339 776 2409 certamine
789 2337 992 2431 comminus
1010 2350 1209 2434 pugnatum
1223 2348 1292 2426 est;
1307 2335 1344 2405 in
1365 2358 1439 2433 quo
1455 2332 1526 2405 tela

453 2478 495 2527 ao
507 2452 642 2554 lapides
660 2469 734 2527 tam
753 2453 865 2526 dense
886 2452 1107 2543 ferebantur,
1128 2476 1238 2550 quam
1257 2450 1368 2524 densa
1389 2449 1526 2549 grando

454 2569 673 2670 quandoque
697 2569 877 2642 dilabitur.
897 2574 966 2641 Per
984 2570 1157 2666 integram
1177 2550 1262 2665 crgo
1279 2568 1392 2660 diem,
1412 2570 1527 2640 conti·

457 2690 540 2760 nuis
551 2686 708 2759 motibus
721 2685 806 2759 urbs
820 2686 1014 2784 inpugnata
1033 2699 1097 2757 est.
1117 2688 1203 2756 Post
1221 2708 1308 2756 vero
1326 2685 1528 2757 comminus

456 2804 584 2904 septies
597 2803 827 2893 dimicatum,
846 2817 952 2900 atque
963 2801 1034 2872 hoc
1047 2795 1195 2899 lere'per
1207 2798 1284 2872 dies
1301 2826 1374 2873 sex.

960 3016 1017 3069 LV.

507 3168 580 3246 Nec
590 3170 711 3246 tamen
724 3172 819 3244 cives
830 3169 981 3244 assiduis
993 3170 1204 3245 tumultibus
1215 3173 1317 3264 vicu',
1331 3172 1405 3244 ullo
1418 3170 1530 3245 modo

457 3286 652 3380 cedebant,
673 3312 901 3389 cumeorum
922 3288 1051 3387 praesul
1063 3293 1188 3387 Hugo,
1207 3288 1385 3391 quosdam
1402 3289 1531 3388 princi·

459 3406 647 3513 pum,'qui
666 3405 735 3479 sibi
749 3389 907 3504 quadam
917 3406 1132 3503 cognatione
1139 3404 1414 3497 conveniebant,
1435 3421 1532 3479 ατη

461 3522 608 3598 urbem‘
628 3522 802 3596 allocutus
814 3536 884 3615 est,
899 3528 1060 3620 quaerens
1071 3521 1117 3595 ab
1127 3523 1392 3614 cierationem,
1414 3538 1458 3595 ut
1468 3524 1533 3594 sci·

461 3639 543 3712 licet
562 3642 648 3739 quid
664 3641 865 3739 agendum,
889 3639 978 3738 quid
995 3639 1202 3729 vitandum,
1226 3638 1293 3710 sibi
1307 3640 1488 3729 dicerent3
1504 3637 1535 3710 si

461 3755 663 3855 aliquorum
684 3759 937 3831 intercessione
959 3756 998 3844 id
1023 3756 1245 3829 medendum
1269 3755 1474 3847 videretur,
1505 3755 1535 3827 si

461 3899 554 3974 opus
573 3874 664 3947 foret
681 3875 864 3975 precibus,
885 3876 915 3947 si
932 3876 1040 3950 etiam
1060 3898 1188 3975 pugnae
1204 3875 1411 3949 instandum
1428 3888 1531 3947 esset.

463 3988 515 4061 illi
532 4016 616 4063 mox
633 4016 757 4089 regum
769 3992 1031 4065 animositatem
1043 3990 1347 4083 demonstrantes,
1369 3990 1480 4063 furum
1498 3992 1535 4061 in

501 4228 510 4257 ¹
529 4220 780 4300 appetendorum
794 4230 978 4283 conscientiam
990 4248 1022 4293 a,
1034 4228 1125 4281 deleta.
