3417 5392
468 558 509 620 40
840 565 1005 626 lllCHElll
1028 567 1103 630 LIB.
1126 566 1151 629 l.

465 705 527 752 rex
549 681 585 751 in
603 680 735 780 palatio
748 683 909 774 sedisset,
931 688 1006 782 ejus
1028 688 1128 782 jussu
1145 684 1218 756 dux
1235 683 1369 774 dexter,
1387 691 1532 785 Hagano

465 822 608 896 quoque
633 799 665 870 ei
694 798 792 870 levus
813 803 945 899 pariter
968 801 1109 875 resedit.
1136 786 1325 874 Rotliertus
1349 826 1435 874 vero
1460 803 1531 875 dur

464 915 566 986 tacite
595 915 781 1012 indignum
805 917 951 1010 ferebat,
979 943 1169 1018 personam
1194 916 1430 990 mediocrem⁴
1465 918 1530 992 sibi

461 1033 608 1128 aequari,
637 1031 1124 1144 magnatibusquepraeponi.
1162 1039 1206 1106 At
1232 1035 1322 1106 iram
1348 1036 1526 1132 mitigans,

459 1149 620 1252 animum
634 1149 892 1241 dissimulabat,
913 1152 966 1222 vix
982 1153 1054 1249 regi
1072 1177 1186 1251 pauca
1202 1151 1353 1222 locutus.
1374 1150 1528 1225 Celerius

461 1290 545 1362 ergo
559 1267 680 1364 surgit,
695 1292 737 1338 ac
747 1291 830 1338 cum
842 1269 914 1340 suis
927 1267 1115 1340 consilium
1126 1266 1274 1338 confert.
1289 1270 1371 1354 Quo
1382 1265 1523 1356 collam,

460 1383 534 1478 regi
545 1407 611 1480 per
632 1383 764 1480 legatos
782 1385 953 1481 suggerit,
977 1409 1053 1456 sese
1070 1383 1225 1485 perferre
1241 1408 1317 1458 non
1334 1408 1440 1482 posse
1460 1383 1526 1456 sibi

460 1502 691 1593 Haganonem
698 1499 842 1595 aequari,
857 1501 1138 1599 primatibusque
1147 1497 1323 1573 anteferri.
1336 1499 1525 1597 Indignum

460 1615 567 1684 etiam
579 1613 691 1684 videri
703 1613 910 1710 hujusmodi
928 1612 1112 1689 hominem
1130 1617 1203 1714 regi
1220 1616 1352 1692 haerere
1365 1631 1401 1687 et
1413 1615 1525 1688 Gallo

460 1754 539 1800 rum
557 1728 796 1802 nobilissimos
808 1721 915 1829 longe
928 1731 1112 1822 absistere3
1134 1757 1242 1831 quern
1255 1732 1322 1803 nisi
1339 1733 1376 1802 in
1394 1731 1526 1804 medio-

459 1847 618 1918 critatem
647 1845 798 1944 redigat,
823 1873 899 1920 sese
916 1873 1000 1920 eum
1017 1849 1151 1920 crudeli
1173 1845 1365 1947 suspendio
1382 1847 1526 1921 suffoca·

460 1977 591 2034 turum.
609 1968 682 2036 Rex
699 1963 817 2035 dilecti
830 1965 1063 2062 ignominiam
1075 1990 1154 2037 non
1172 1987 1312 2063 passus,
1334 1961 1467 2036 facilius
1488 1989 1524 2036 se

459 2082 621 2152 omniurn
635 2079 828 2177 colloquio,
846 2105 955 2178 quam
974 2079 1079 2177 hujus
1100 2079 1331 2152 familiaritate
1350 2103 1455 2176 posse
1472 2105 1524 2152 ca-
1573 2133 1579 2148 .

459 2221 536 2268 rere
563 2195 759 2296 respondit.
786 2197 895 2285 Quod
918 2197 1069 2268 nimium
1091 2193 1278 2266 Rotbertus
1304 2192 1521 2291 indignatus,

457 2336 542 2382 curn
553 2312 782 2411 optimatibus
798 2312 976 2412 plerisque
993 2312 1145 2409 injussus
1158 2311 1352 2383 Neustriam
1367 2312 1467 2409 petit,
1483 2337 1523 2385 ac

456 2429 605 2499 Turonis
618 2453 694 2500 sese
707 2429 841 2528 recipit.
858 2427 1007 2502 Multam
1027 2428 1076 2499 ibi
1097 2427 1142 2498 de
1164 2426 1255 2524 regis
1275 2425 1415 2498 levitate
1437 2427 1541 2498 indi..

456 2544 684 2640 gnationem¹
710 2544 858 2616 habens.
887 2544 1042 2616 Plurima
1059 2543 1165 2616 etiarn
1186 2543 1278 2614 utin
1297 2567 1334 2614 se
1351 2543 1523 2615 transfun-

456 2657 561 2731 datur
592 2685 713 2764 rerum
738 2684 892 2750 summa,
931 2660 1028 2759 apud
1053 2684 1136 2731 suos
1161 2674 1263 2732 caute
1291 2674 1518 2758 pertractans.

455 2776 646 2872 Quamvis'
660 2778 791 2850 etenim
803 2775 892 2874 regi⁸
907 2775 1049 2864 faveret,
1064 2801 1138 2847 non
1148 2775 1160 2812 ³
1170 2776 1520 2850 mediocritertamen

456 2893 490 2962 ei
507 2917 656 2990 regnum
678 2892 859 2964 invidebat
870 2892 899 2980 ⁸,
920 2918 1004 2964 cum
1020 2893 1086 2965 sibi
1103 2892 1205 2992 postl³
1222 2894 1365 2966 fratrem
1382 2893 1521 2966 heredi·

455 3007 625 3098 tandum⁸
638 3009 748 3105 magis
757 3008 903 3080 videret.
922 3009 1099 3080 Nonnulla
1109 3035 1254 3108 quoque
1266 3010 1477 3082 moliebatur
1484 3014 1518 3083 in

454 3122 646 3196 Fulconem
665 3128 856 3196 Remorum
868 3126 1194 3224 metropolitanum,
1214 3127 1276 3224 qui
1291 3152 1413 3225 regem
1428 3153 1449 3200 a
1464 3155 1519 3200 cu·

453 3240 591 3310 nabulis
601 3240 824 3329 educaverat,
836 3257 942 3338 atque
954 3242 990 3312 in
1004 3267 1152 3338 regnum
1164 3259 1403 3342 promoverat.
1418 3245 1519 3316 Vide-

451 3354 557 3427 batur
567 3356 712 3446 etenim,
726 3358 810 3454 quia
820 3358 849 3428 si
861 3359 889 3428 is
901 3357 1017 3429 solum
1031 3356 1218 3457 deperiret,
1233 3358 1366 3431 facilius
1378 3359 1517 3431 refundi

451 3474 488 3543 in
513 3499 589 3545 sese
613 3498 763 3570 regnum
779 3475 965 3573 potuisset.
990 3475 1031 3546 ld
1055 3476 1161 3546 etiam
1185 3476 1282 3575 apud
1305 3476 1516 3548 Balduinum

449 3591 669 3661 Morinorum
682 3591 883 3689 principem
892 3590 1089 3663 admodum
1106 3591 1269 3689 agitabat.
1284 3593 1348 3663 Hic
1361 3592 1457 3664 enim
1470 3593 1513 3665 ab

393 3781 397 3790 ,
449 3707 515 3777 eo⁴
543 3731 745 3804 persuasus,
767 3708 842 3802 ejus
864 3723 980 3805 partes
994 3708 1068 3804 jam
1086 3732 1167 3805 rege
1185 3706 1324 3779 deserto
1346 3708 1510 3806 sequeba-

449 3838 516 3894 tur.
775 3836 782 3850 '

484 4067 493 4096 ¹
513 4065 655 4138 ignobilem
667 4085 729 4117 corr.
743 4065 911 4125 mediocrem.
962 4099 964 4102 ·

480 4157 492 4190 ⁹
509 4155 700 4226 querimoniam
711 4175 773 4208 corr.
787 4156 1003 4229 indignationem.

480 4247 491 4276 ⁸
508 4245 542 4311 Q.
556 4266 580 4312 r,
592 4265 657 4310 non,
671 4265 745 4312 men,
758 4248 798 4313 vi,
810 4267 862 4319 po,
875 4249 914 4302 dit
923 4249 1028 4300 abscisa.

479 4336 491 4366 ⁴
508 4355 524 4388 a
534 4338 651 4389 rotberto
662 4335 766 4388 deletum
