3417 5392
463 602 524 662 232
832 598 996 662 lllCHElll
1018 602 1093 662 ΗΒ.
1118 602 1162 662 ll.

461 752 547 799 vero
565 750 713 799 censura
723 751 833 825 penes
844 726 1020 799 domnum
1032 730 1209 801 Marinum
1221 729 1349 804 domni
1359 758 1459 834 papae
1476 737 1529 808 vi·

461 844 597 915 carium
609 843 748 913 mansit.
767 847 810 914 Et
827 838 1093 916 considentibus
1111 848 1266 938 eunctis,
1280 865 1363 948 post
1375 855 1529 950 praemis·

461 984 517 1030 sas
530 957 901 1058 secundumlordinem
912 960 1115 1033 celebrandi
1128 964 1267 1035 concilii
1277 991 1412 1064 preces,
1432 984 1528 1067 post·

460 1099 531 1173 que
543 1076 685 1147 recitata
702 1076 928 1148 decretorum
940 1101 1038 1150 sacra
1057 1078 1225 1177 capitula,
1246 1084 1458 1155 serenissimi
1472 1111 1526 1157 re·

461 1218 520 1290 ges
550 1193 748 1265 Ludovicus
767 1208 802 1265 et
819 1197 925 1285 Otto,
957 1195 993 1265 in
1023 1219 1159 1266 sacrant
1189 1197 1356 1269 sinodum
1381 1200 1525 1273 admissi

460 1325 553 1381 sunt.
576 1310 712 1397 Quibus
738 1296 844 1382 etiam
865 1310 1159 1402 considentibus,
1186 1309 1342 1387 domnus
1360 1339 1402 1387 ac
1420 1341 1526 1390 vene-

461 1426 593 1499 randus
611 1424 798 1497 Rotbertus
811 1427 862 1497 sic
879 1450 981 1498 orsus
994 1428 1111 1526 cepit:
1133 1506 1136 1510 ¹

482 1622 581 1676 LXXI.
591 1653 627 1665 -
635 1624 788 1677 Prelocuti'o
796 1624 812 1657 ⁴¹
824 1623 965 1676 botberti*
976 1624 1109 1677 Treveriei
1119 1624 1135 1659 ⁴⁸
1147 1626 1340 1697 metropolitani
1355 1626 1386 1679 in
1399 1626 1506 1679 sinodo.

509 1782 672 1873 «Multa,
697 1811 714 1849 u
744 1782 925 1880 inquiens,
948 1812 966 1849 «
982 1797 1081 1871 sunt,
1094 1796 1212 1879 patres
1224 1780 1432 1872 reverendi,
1447 1774 1524 1880 qui·

462 1928 479 1966 «
500 1897 567 1969 bus
580 1898 638 1969 hic
649 1898 745 1997 apud
762 1898 1003 1969 serenissimos
1024 1923 1140 1994 reges,
1160 1898 1323 1969 inunum
1340 1900 1454 1971 eoacti
1474 1926 1525 1971 re·

461 2046 479 2084 «
500 2014 674 2111 sidemus;
694 2013 846 2113 plurima
865 2014 971 2085 etiam
989 2038 1067 2110 quae
1088 2027 1204 2084 vestra
1228 2013 1403 2112 probitate
1430 2016 1524 2086 ordi-

461 2160 478 2197 «
500 2130 621 2203 nanda
635 2128 837 2201 videntur⁴.
859 2130 979 2200 Totius
996 2154 1088 2227 pene
1099 2128 1219 2200 Galliae
1246 2129 1522 2228 rempublicam

460 2280 478 2319 «
499 2271 690 2348 pravorum
704 2244 899 2319 temeritate
908 2244 1102 2334 turbatam,
1122 2245 1330 2343 magnisque
1342 2240 1523 2341 subjacere

460 2396 478 2433 «
499 2362 662 2464 periculis
688 2374 837 2433 constat.
869 2359 971 2430 Unde
1000 2374 1036 2431 et
1060 2359 1155 2456 leges
1179 2360 1308 2431 divinar
1330 2375 1436 2458 atque
1453 2361 1522 2433 bu-

460 2510 478 2549 «
499 2504 612 2551 manae
625 2477 812 2548 indiscrete
829 2501 852 2546 a
864 2474 1038 2546 malivolis
1050 2491 1365 2575 contempnuntur,
1392 2502 1476 2549 cum
1493 2480 1523 2551 is

460 2628 478 2666 «
499 2592 787 2692 cuiregnorum²
804 2591 886 2688 jura
902 2589 1090 2681 debentur,
1110 2606 1147 2663 et
1156 2590 1356 2690 imperandi
1368 2606 1523 2691 potestas

460 2745 477 2783 «
495 2710 728 2789 transfusione
741 2708 888 2806 paterna
903 2706 1035 2779 credita
1047 2721 1117 2794 est,
1131 2730 1280 2778 suorum
1292 2705 1521 2779 insectatione

460 2862 477 2899 «
498 2845 639 2929 captus,
662 2824 908 2922 ergastuloque
929 2823 1130 2895 immaniter
1152 2838 1268 2895 trusus
1284 2824 1349 2911 sit,
1373 2846 1520 2894 suorum

460 2976 478 3015 «
499 2945 616 3017 adbuc
628 2941 750 3039 gladiis
762 2940 944 3011 infestetur
957 2938 986 3027 ³,
1014 2942 1206 3009 Remorum
1229 2962 1373 3035 quoque
1390 2954 1521 3010 metm-

460 3095 478 3132 «
499 3062 611 3160 polim
628 3056 761 3154 absque
780 3070 921 3154 pastore
940 3053 1034 3125 fures
1055 3054 1516 3159 atrocissimeinsectentur,

460 3208 477 3247 «
500 3176 613 3247 cultus
627 3172 767 3263 divinus
779 3170 940 3259 vilescat,
972 3168 1095 3266 religio
1112 3169 1283 3241 canoniea
1311 3194 1379 3269 pro
1407 3170 1519 3255 nihilo

459 3320 477 3363 α
498 3285 1180 3385 sit.Hiserg0,patres,vehementissime
1189 3285 1422 3357 insistendum
1429 3286 1518 3357 arbi·

459 3442 477 3479 «
500 3426 585 3498 tror,
602 3404 782 3500 multaque
794 3401 898 3473 nobis
911 3401 1089 3519 diligentia
1114 3400 1339 3490 enitendum,
1360 3402 1422 3497 qui
1441 3426 1516 3498 gra·

459 3556 476 3595 «
497 3527 546 3597 tia
557 3521 668 3595 sancti
686 3518 834 3617 Spiritus
846 3516 960 3609 hic,in
979 3542 1091 3587 unum
1108 3516 1342 3587 confluximus
1360 3518 1388 3605 ⁴,
1408 3519 1518 3614 quati-

459 3676 477 3713 «
498 3666 565 3713 nus
581 3664 638 3711 res
656 3652 737 3708 ante
760 3634 936 3707 dissolutae
957 3634 1006 3703 sie
1035 3634 1072 3703 in
1103 3632 1217 3703 foedus
1241 3634 1405 3722 redeant,
1427 3650 1467 3704 ut
1482 3651 1516 3704 et

458 3789 476 3826 «
497 3756 633 3827 domno
650 3744 691 3824 ac
708 3750 930 3823 serenissimo
943 3749 1016 3844 regi
1030 3748 1139 3819 libera
1156 3748 1326 3845 regnandi
1349 3749 1516 3821 reddatur

490 3912 506 3945 ¹*
524 3912 568 3977 Pr,
582 3908 621 3973 ll,
633 3908 671 3971 ri,
687 3907 705 3957 li
717 3906 819 3957 abscisa.

489 3998 498 4029 ¹
518 3989 697 4065 cognoscimus
708 3990 866 4061 superscripto
877 3986 1007 4039 videntur.

487 4082 500 4113 ¹
517 4078 653 4150 galliarum
665 4076 823 4145 superscripto
833 4087 983 4142 regnorum.

489 4166 500 4195 ³
517 4160 648 4234 appetitur
662 4160 686 4210 l.

489 4246 579 4299 *com
601 4242 684 4295 multo
702 4239 810 4303 intuitu,
832 4239 915 4291 multo
933 4238 1045 4292 caritatis
1065 4239 1160 4292 affectu
1181 4237 1418 4310 [considerandum
1436 4240 1511 4307 com]

463 4328 624 4384 mittendum
634 4325 747 4379 arbitror
760 4336 788 4375 nt
801 4323 837 4376 sic
849 4342 886 4375 m
897 4335 946 4376 ete.
960 4322 1049 4375 deleta.
