3417 5392
477 483 516 540 2⁶2
848 478 1017 550 lilCHElll
1040 469 1114 539 LtB.
1141 467 1169 538 l.

475 599 631 672 mebant.
655 603 726 670 Rex
747 596 966 696 principibus
988 599 1206 669 Francorum
1228 615 1333 696 atque
1356 607 1548 699 aquitano.

474 737 556 802 rum
569 717 732 814 stipatus,
759 714 840 786 licet
864 716 1008 813 ancipiti
1028 711 1300 807 deliberatione,
1324 732 1444 790 tamen
1464 721 1548 794 belli

475 814 745 932 dispositionem
762 831 859 930 apud
881 855 943 904 eos
961 831 1213 930 pertractabat,
1234 832 1313 903 illos
1327 833 1372 904 ad
1391 861 1550 933 pugnam

474 951 639 1040 hortans,
669 975 711 1021 ac
734 974 861 1020 eorum
884 949 1210 1046 magnanimitatem
1233 971 1276 1020 ex
1295 964 1421 1022 natura
1444 952 1552 1051 pluri·

475 1091 577 1137 mum
590 1063 765 1137 attollens.
781 1064 865 1135 Aliis
878 1089 1022 1162 quoque
1036 1065 1200 1162 gentibus
1213 1090 1275 1138 eos
1288 1091 1364 1138 esse
1376 1068 1548 1165 potiores,

476 1197 550 1254 tam
561 1182 695 1253 viribus
705 1205 814 1280 quam
828 1181 970 1253 audatia
983 1197 1019 1254 et
1031 1181 1150 1272 armis,
1165 1182 1398 1254 memorabat.
1416 1187 1551 1258 Eorum

476 1324 621 1398 quoque
637 1299 804 1394 majores,
820 1323 913 1396 pene
931 1312 1047 1386 totum
1062 1299 1187 1370 orbem
1199 1297 1405 1389 debellasse,
1418 1301 1551 1398 ipsum-

477 1441 548 1512 que
574 1429 682 1513 caput
709 1414 806 1485 orbis
833 1419 984 1486 Romam
1012 1416 1215 1487 immaniter
1236 1416 1420 1488 attrivisse.
1449 1413 1551 1488 Unde

478 1548 514 1606 et
531 1547 697 1632 oportere
718 1546 904 1631 paternam
923 1523 1183 1604 animositatem
1212 1534 1249 1602 in
1274 1531 1354 1604 filiis
1381 1555 1552 1604 renovan-

479 1650 580 1739 dam,
599 1648 819 1738 asserebat⁴,
848 1665 889 1720 ut
913 1665 1057 1748 patrum
1082 1649 1369 1746 magnanimitas,
1397 1647 1550 1721 liliorum

477 1767 607 1838 virtute
617 1763 941 1837 commendaretur.

582 2141 660 2191 Vnt.
673 2141 837 2209 -Impetus
847 2137 950 2191 Odoniu
961 2138 1027 2208 regis
1038 2139 1066 2190 in
1077 2149 1196 2210 pyratas,
1209 2137 1321 2206 bellique
1331 2137 1451 2207 qualioes.

530 2311 669 2399 Quibus
685 2311 788 2384 dictis
805 2337 889 2382 cum
906 2312 1148 2411 persuasisset,
1169 2311 1365 2410 utpotevir
1380 2311 1497 2386 audax
1513 2336 1553 2386 ac

482 2427 671 2520 violentus,
691 2454 775 2500 cum
793 2428 972 2500 sexdecim
983 2427 1126 2500 milibus
1140 2429 1247 2526 signis
1263 2427 1367 2499 illatis
1383 2427 1553 2500 barbaros

482 2543 694 2642 aggreditur.
716 2545 786 2617 Sed
798 2545 961 2644 peditum
974 2545 1094 2646 copias
1112 2545 1303 2645 praernittit,
1324 2560 1430 2642 atque
1449 2570 1492 2616 ex
1506 2547 1553 2618 eis

483 2663 641 2761 primum
658 2663 832 2761 impetum
844 2662 961 2734 infert.
978 2667 1057 2761 lpse
1070 2687 1153 2734 cum
1166 2664 1323 2759 equitatu
1342 2641 1550 2752 sucdedcns,

482 2779 644 2876 peditum
659 2780 838 2862 fortunam
856 2779 1119 2879 opperiebatur.
1141 2784 1212 2851 Nec
1226 2780 1343 2851 mitius
1359 2795 1395 2850 et
1413 2777 1554 2852 barbari

483 2897 575 2967 acies
604 2897 873 2986 ordinaverant,
902 2921 944 2967 ac
974 2897 1115 2968 indivisi
1144 2897 1364 2968 adversarios
1394 2897 1553 2995 excipere

397 3090 401 3098 ,
482 3011 698 3108 cogitabant.
718 3018 763 3083 'At
777 3013 862 3109 regii
876 3012 1012 3111 pedites
1025 3013 1186 3085 hostibus
1201 3012 1337 3102 directi,
1353 3011 1472 3110 primo
1485 3035 1554 3083 cer

484 3132 617 3201 tamine
630 3131 771 3225 sagittas
777 3128 995 3225 jaculantur3
1011 3128 1370 3228 densatique,lanceis
1382 3123 1551 3218 obversis,

483 3249 520 3317 in
538 3244 618 3318 illos
636 3246 807 3318 feruntur.
825 3247 971 3345 Excepti
983 3271 1069 3318 vero
1083 3244 1288 3334 abarbaris,
1308 3243 1453 3343 plurimi
1470 3243 1554 3316 dila·

482 3362 629 3454 buntur,
643 3387 719 3433 non
732 3377 851 3434 tamen
866 3378 992 3462 praeter
1006 3363 1290 3434 adversariorum
1298 3363 1456 3452 ruinam;
1471 3386 1554 3432 nam

483 3491 520 3549 et
537 3501 665 3549 eorum
677 3473 736 3548 alii
752 3479 975 3577 precipitati,
990 3479 1047 3550 alii
1058 3505 1143 3550 vero
1157 3504 1266 3576 quam
1279 3478 1398 3577 plures
1411 3479 1555 3550 sauciati

483 3610 577 3667 sunt.
601 3599 686 3666 Post
698 3594 834 3693 pedites
852 3621 937 3668 vero
951 3577 986 3668 et
999 3598 1115 3694 regius
1127 3597 1303 3693 equitatus
1320 3595 1498 3683 succedit;
1514 3621 1555 3667 ac

484 3712 576 3782 acies
592 3711 766 3802 hostium,
794 3713 906 3811 copiis
928 3713 1090 3812 peditum
1108 3713 1254 3802 divisas,
1276 3711 1389 3782 multo
1407 3712 1488 3783 nisu
1514 3713 1555 3782 ir·

484 3828 635 3925 rumpit,
667 3829 861 3925 sternitque
888 3845 927 3900 ut
956 3830 1065 3902 fertur
1086 3830 1255 3902 tredecim
1282 3829 1401 3918 milia,
1433 3831 1553 3927 paucis

483 3944 565 4040 fuga
582 3943 733 4015 salvatis.
755 3949 799 4015 Et
815 3969 899 4016 cum
909 3947 983 4041 jam
996 3947 1170 4045 potiretur
1191 3945 1338 4017 victoria
1363 3945 1552 4045 spoliisque

483 4060 691 4160 diripiendis
708 4063 869 4152 instaret,
880 4063 1115 4135 barbarorum
1124 4079 1277 4160 quatuor
1291 4061 1402 4151 milia,
1415 4087 1494 4159 quae
1503 4062 1549 4132 in·

521 4271 527 4300 ¹
549 4267 709 4321 memorabat
723 4272 747 4321 l.
