<?xml version="1.0" encoding="UTF-8"?>
<!DOCTYPE html PUBLIC "-//W3C//DTD XHTML 1.0 Transitional//EN"
    "http://www.w3.org/TR/xhtml1/DTD/xhtml1-transitional.dtd">
<html xmlns="http://www.w3.org/1999/xhtml" xml:lang="en" lang="en">
 <head>
  <title>
</title>
<meta http-equiv="Content-Type" content="text/html;charset=utf-8" />
  <meta name='ocr-system' content='tesseract 3.04.00' />
  <meta name='ocr-capabilities' content='ocr_page ocr_carea ocr_par ocr_line ocrx_word'/>
</head>
<body>
  <div class='ocr_page' id='page_1' title='image "./richerhistoired02parigoog_0305.png"; bbox 0 0 3417 5392; ppageno 0'>
   <div class='ocr_carea' id='block_1_1' title="bbox 458 502 1144 567">
    <p class='ocr_par' dir='ltr' id='par_1_1' title="bbox 458 502 1144 567">
     <span class='ocr_line' id='line_1_1' title="bbox 458 502 1144 567; baseline 0 -4"><span class='ocrx_word' id='word_1_1' title='bbox 458 508 517 565; x_wconf 74' lang='lat'><strong>182</strong></span> <span class='ocrx_word' id='word_1_2' title='bbox 818 502 984 565; x_wconf 73' lang='lat' dir='ltr'><strong>tttcnttttt</strong></span> <span class='ocrx_word' id='word_1_3' title='bbox 1006 504 1077 567; x_wconf 76' lang='grc' dir='ltr'><strong>ΗΒ.</strong></span> <span class='ocrx_word' id='word_1_4' title='bbox 1101 505 1144 563; x_wconf 89' lang='lat' dir='ltr'><strong>ll.</strong></span> 
     </span>
    </p>
   </div>
   <div class='ocr_carea' id='block_1_2' title="bbox 456 621 1527 955">
    <p class='ocr_par' dir='ltr' id='par_1_2' title="bbox 456 621 1527 955">
     <span class='ocr_line' id='line_1_2' title="bbox 456 621 1526 723; baseline 0.007 -31"><span class='ocrx_word' id='word_1_5' title='bbox 456 622 555 711; x_wconf 86' lang='lat' dir='ltr'><strong>lerat,</strong></span> <span class='ocrx_word' id='word_1_6' title='bbox 572 621 712 693; x_wconf 85' lang='lat' dir='ltr'><strong>militati</strong></span> <span class='ocrx_word' id='word_1_7' title='bbox 726 623 956 695; x_wconf 87' lang='lat' dir='ltr'><strong>insectatione</strong></span> <span class='ocrx_word' id='word_1_8' title='bbox 969 623 1251 722; x_wconf 83' lang='lat' dir='ltr'><strong>comprehendit.</strong></span> <span class='ocrx_word' id='word_1_9' title='bbox 1274 628 1382 723; x_wconf 86' lang='lat' dir='ltr'><strong>Cujus</strong></span> <span class='ocrx_word' id='word_1_10' title='bbox 1396 652 1526 699; x_wconf 85' lang='lat' dir='ltr'><strong>manus</strong></span> 
     </span>
     <span class='ocr_line' id='line_1_3' title="bbox 457 738 1527 831; baseline 0.005 -22"><span class='ocrx_word' id='word_1_11' title='bbox 457 738 690 831; x_wconf 83' lang='lat' dir='ltr'>obtruncans,</span> <span class='ocrx_word' id='word_1_12' title='bbox 713 741 749 810; x_wconf 90' lang='lat' dir='ltr'><strong>in</strong></span> <span class='ocrx_word' id='word_1_13' title='bbox 775 738 949 811; x_wconf 90' lang='lat' dir='ltr'><strong>ultionem</strong></span> <span class='ocrx_word' id='word_1_14' title='bbox 970 740 1073 812; x_wconf 90' lang='lat' dir='ltr'><strong>amici</strong></span> <span class='ocrx_word' id='word_1_15' title='bbox 1096 741 1326 815; x_wconf 85' lang='lat' dir='ltr'><strong>Rhodomum</strong></span> <span class='ocrx_word' id='word_1_16' title='bbox 1348 746 1454 819; x_wconf 87' lang='lat' dir='ltr'><strong>misit.</strong></span> <span class='ocrx_word' id='word_1_17' title='bbox 1477 750 1527 815; x_wconf 80' lang='lat' dir='ltr'><strong>Ac</strong></span> 
     </span>
     <span class='ocr_line' id='line_1_4' title="bbox 456 856 1397 955; baseline 0.007 -30"><span class='ocrx_word' id='word_1_18' title='bbox 456 880 618 929; x_wconf 86' lang='lat' dir='ltr'><strong>cesorum</strong></span> <span class='ocrx_word' id='word_1_19' title='bbox 641 858 770 954; x_wconf 86' lang='lat' dir='ltr'><strong>ereptis</strong></span> <span class='ocrx_word' id='word_1_20' title='bbox 790 856 966 930; x_wconf 85' lang='lat' dir='ltr'><strong>manubiis</strong></span> <span class='ocrx_word' id='word_1_21' title='bbox 981 912 990 947; x_wconf 91' lang='lat'>‚</span> <span class='ocrx_word' id='word_1_22' title='bbox 1012 857 1058 928; x_wconf 88' lang='lat' dir='ltr'><strong>ad</strong></span> <span class='ocrx_word' id='word_1_23' title='bbox 1075 883 1195 955; x_wconf 85' lang='lat' dir='ltr'><strong>regem</strong></span> <span class='ocrx_word' id='word_1_24' title='bbox 1212 862 1397 933; x_wconf 86' lang='lat' dir='ltr'><strong>conoessit.</strong></span> 
     </span>
    </p>
   </div>
   <div class='ocr_carea' id='block_1_3' title="bbox 926 1547 1056 1599">
    <p class='ocr_par' dir='ltr' id='par_1_3' title="bbox 926 1547 1056 1599">
     <span class='ocr_line' id='line_1_5' title="bbox 926 1547 1056 1599; baseline -0.008 0"><span class='ocrx_word' id='word_1_25' title='bbox 926 1547 1056 1599; x_wconf 76' lang='lat' dir='ltr'><strong>lxxlx.</strong></span> 
     </span>
    </p>
   </div>
   <div class='ocr_carea' id='block_1_4' title="bbox 401 1692 1532 3200">
    <p class='ocr_par' dir='ltr' id='par_1_4' title="bbox 401 1692 1532 3200">
     <span class='ocr_line' id='line_1_6' title="bbox 508 1692 1530 1803; baseline -0.002 -28"><span class='ocrx_word' id='word_1_26' title='bbox 508 1708 589 1791; x_wconf 90' lang='lat' dir='ltr'><strong>Quo</strong></span> <span class='ocrx_word' id='word_1_27' title='bbox 608 1718 768 1803; x_wconf 88' lang='lat' dir='ltr'><strong>tempore</strong></span> <span class='ocrx_word' id='word_1_28' title='bbox 787 1708 888 1800; x_wconf 85' lang='lat' dir='ltr'><strong>Hugo</strong></span> <span class='ocrx_word' id='word_1_29' title='bbox 907 1692 981 1776; x_wconf 74' lang='lat' dir='ltr'><strong>duri</strong></span> <span class='ocrx_word' id='word_1_30' title='bbox 1001 1705 1038 1775; x_wconf 91' lang='lat' dir='ltr'><strong>in</strong></span> <span class='ocrx_word' id='word_1_31' title='bbox 1061 1728 1189 1800; x_wconf 81' lang='lat' dir='ltr'><strong>magna</strong></span> <span class='ocrx_word' id='word_1_32' title='bbox 1207 1704 1317 1799; x_wconf 76' lang='lat' dir='ltr'><strong>gratia</strong></span> <span class='ocrx_word' id='word_1_33' title='bbox 1336 1704 1410 1799; x_wconf 80' lang='lat' dir='ltr'><strong>regi</strong></span> <span class='ocrx_word' id='word_1_34' title='bbox 1429 1700 1530 1776; x_wconf 81' lang='lat' dir='ltr'><strong>hahi-</strong></span> 
     </span>
     <span class='ocr_line' id='line_1_7' title="bbox 460 1802 1530 1917; baseline -0.003 -26"><span class='ocrx_word' id='word_1_35' title='bbox 460 1802 535 1911; x_wconf 81' lang='lat' dir='ltr'><strong>tus,</strong></span> <span class='ocrx_word' id='word_1_36' title='bbox 557 1821 632 1917; x_wconf 90' lang='lat' dir='ltr'><strong>ejus</strong></span> <span class='ocrx_word' id='word_1_37' title='bbox 650 1820 758 1891; x_wconf 84' lang='lat' dir='ltr'><strong>filiam</strong></span> <span class='ocrx_word' id='word_1_38' title='bbox 776 1846 819 1892; x_wconf 85' lang='lat' dir='ltr'><strong>ex</strong></span> <span class='ocrx_word' id='word_1_39' title='bbox 833 1845 934 1892; x_wconf 87' lang='lat' dir='ltr'><strong>sacro</strong></span> <span class='ocrx_word' id='word_1_40' title='bbox 950 1820 1094 1891; x_wconf 87' lang='lat' dir='ltr'><strong>lavacro</strong></span> <span class='ocrx_word' id='word_1_41' title='bbox 1105 1820 1269 1917; x_wconf 86' lang='lat' dir='ltr'><strong>susoepit.</strong></span> <span class='ocrx_word' id='word_1_42' title='bbox 1285 1817 1389 1889; x_wconf 88' lang='lat' dir='ltr'><strong>Unde</strong></span> <span class='ocrx_word' id='word_1_43' title='bbox 1400 1832 1530 1889; x_wconf 81' lang='lat' dir='ltr'><strong>eleum</strong></span> 
     </span>
     <span class='ocr_line' id='line_1_8' title="bbox 442 1934 1530 2022; baseline -0.002 -15"><span class='ocrx_word' id='word_1_44' title='bbox 442 1940 544 2010; x_wconf 59' lang='lat' dir='ltr'><strong>‘rex‘</strong></span> <span class='ocrx_word' id='word_1_45' title='bbox 569 1940 731 2009; x_wconf 93' lang='lat' dir='ltr'><strong>omnium</strong></span> <span class='ocrx_word' id='word_1_46' title='bbox 748 1938 942 2009; x_wconf 88' lang='lat' dir='ltr'><strong>Galliarum</strong></span> <span class='ocrx_word' id='word_1_47' title='bbox 964 1936 1095 2008; x_wconf 90' lang='lat' dir='ltr'><strong>duoem</strong></span> <span class='ocrx_word' id='word_1_48' title='bbox 1116 1936 1311 2007; x_wconf 87' lang='lat' dir='ltr'><strong>constituit.</strong></span> <span class='ocrx_word' id='word_1_49' title='bbox 1332 1940 1414 2022; x_wconf 90' lang='lat' dir='ltr'><strong>Quo</strong></span> <span class='ocrx_word' id='word_1_50' title='bbox 1436 1934 1530 2005; x_wconf 84' lang='lat' dir='ltr'><strong>duoe</strong></span> 
     </span>
     <span class='ocr_line' id='line_1_9' title="bbox 401 2051 1530 2152; baseline -0.001 -30"><span class='ocrx_word' id='word_1_51' title='bbox 401 2134 404 2141; x_wconf 67' lang='lat'>,</span> <span class='ocrx_word' id='word_1_52' title='bbox 461 2078 522 2123; x_wconf 82' lang='lat' dir='ltr'><strong>rex</strong></span> <span class='ocrx_word' id='word_1_53' title='bbox 540 2054 735 2151; x_wconf 76' lang='lat' dir='ltr'><strong>equitatum</strong></span> <span class='ocrx_word' id='word_1_54' title='bbox 758 2078 906 2152; x_wconf 86' lang='lat' dir='ltr'><strong>parans,</strong></span> <span class='ocrx_word' id='word_1_55' title='bbox 926 2079 1009 2125; x_wconf 86' lang='lat' dir='ltr'><strong>cum</strong></span> <span class='ocrx_word' id='word_1_56' title='bbox 1027 2052 1206 2149; x_wconf 86' lang='lat' dir='ltr'><strong>Gerberga</strong></span> <span class='ocrx_word' id='word_1_57' title='bbox 1224 2053 1346 2149; x_wconf 82' lang='lat' dir='ltr'><strong>regina</strong></span> <span class='ocrx_word' id='word_1_58' title='bbox 1367 2051 1404 2121; x_wconf 86' lang='lat' dir='ltr'><strong>in</strong></span> <span class='ocrx_word' id='word_1_59' title='bbox 1425 2052 1530 2147; x_wconf 77' lang='lat' dir='ltr'><strong>Aqui·</strong></span> 
     </span>
     <span class='ocr_line' id='line_1_10' title="bbox 459 2167 1527 2268; baseline 0 -29"><span class='ocrx_word' id='word_1_60' title='bbox 459 2171 592 2241; x_wconf 89' lang='lat' dir='ltr'><strong>taniam</strong></span> <span class='ocrx_word' id='word_1_61' title='bbox 616 2171 864 2268; x_wconf 82' lang='lat' dir='ltr'><strong>proficiscitur,</strong></span> <span class='ocrx_word' id='word_1_62' title='bbox 880 2196 921 2241; x_wconf 85' lang='lat' dir='ltr'><strong>ac</strong></span> <span class='ocrx_word' id='word_1_63' title='bbox 934 2168 1062 2241; x_wconf 78' lang='lat' dir='ltr'><strong>urbem</strong></span> <span class='ocrx_word' id='word_1_64' title='bbox 1075 2170 1296 2245; x_wconf 85' lang='lat' dir='ltr'><strong>Nivemica‘m</strong></span> <span class='ocrx_word' id='word_1_65' title='bbox 1315 2167 1527 2255; x_wconf 82' lang='lat' dir='ltr'><strong>deveniens,</strong></span> 
     </span>
     <span class='ocr_line' id='line_1_11' title="bbox 460 2286 1532 2384; baseline 0 -29"><span class='ocrx_word' id='word_1_66' title='bbox 460 2286 662 2357; x_wconf 82' lang='lat' dir='ltr'><strong>Gothorum</strong></span> <span class='ocrx_word' id='word_1_67' title='bbox 676 2287 804 2358; x_wconf 90' lang='lat' dir='ltr'><strong>ducem</strong></span> <span class='ocrx_word' id='word_1_68' title='bbox 819 2286 1090 2384; x_wconf 81' lang='lat' dir='ltr'><strong>Rogemundum</strong></span> <span class='ocrx_word' id='word_1_69' title='bbox 1106 2287 1434 2383; x_wconf 68' lang='lat' dir='ltr'><strong>aquitanorumque</strong></span> <span class='ocrx_word' id='word_1_70' title='bbox 1446 2310 1532 2383; x_wconf 85' lang='lat' dir='ltr'><strong>prae·</strong></span> 
     </span>
     <span class='ocr_line' id='line_1_12' title="bbox 461 2400 1530 2503; baseline -0.001 -31"><span class='ocrx_word' id='word_1_71' title='bbox 461 2401 585 2499; x_wconf 92' lang='lat' dir='ltr'><strong>cipuos</strong></span> <span class='ocrx_word' id='word_1_72' title='bbox 598 2402 668 2473; x_wconf 85' lang='lat' dir='ltr'><strong>illio</strong></span> <span class='ocrx_word' id='word_1_73' title='bbox 682 2402 808 2473; x_wconf 89' lang='lat' dir='ltr'><strong>obvios</strong></span> <span class='ocrx_word' id='word_1_74' title='bbox 821 2404 969 2501; x_wconf 85' lang='lat' dir='ltr'><strong>excepit.</strong></span> <span class='ocrx_word' id='word_1_75' title='bbox 987 2402 1091 2502; x_wconf 84' lang='lat' dir='ltr'>Apud</span> <span class='ocrx_word' id='word_1_76' title='bbox 1104 2427 1195 2503; x_wconf 92' lang='lat' dir='ltr'><strong>quos</strong></span> <span class='ocrx_word' id='word_1_77' title='bbox 1209 2400 1255 2473; x_wconf 94' lang='lat' dir='ltr'><strong>de</strong></span> <span class='ocrx_word' id='word_1_78' title='bbox 1265 2402 1530 2500; x_wconf 84' lang='lat' dir='ltr'><strong>provinciarum</strong></span> 
     </span>
     <span class='ocr_line' id='line_1_13' title="bbox 460 2515 1532 2617; baseline -0.003 -28"><span class='ocrx_word' id='word_1_79' title='bbox 460 2543 543 2589; x_wconf 89' lang='lat' dir='ltr'><strong>cura</strong></span> <span class='ocrx_word' id='word_1_80' title='bbox 560 2534 791 2617; x_wconf 85' lang='lat' dir='ltr'><strong>pertractans,</strong></span> <span class='ocrx_word' id='word_1_81' title='bbox 813 2534 853 2590; x_wconf 93' lang='lat' dir='ltr'><strong>ut</strong></span> <span class='ocrx_word' id='word_1_82' title='bbox 876 2518 1019 2590; x_wconf 89' lang='lat' dir='ltr'><strong>illorum</strong></span> <span class='ocrx_word' id='word_1_83' title='bbox 1041 2519 1163 2589; x_wconf 86' lang='lat' dir='ltr'><strong>omnia</strong></span> <span class='ocrx_word' id='word_1_84' title='bbox 1188 2519 1243 2588; x_wconf 92' lang='lat' dir='ltr'><strong>sui</strong></span> <span class='ocrx_word' id='word_1_85' title='bbox 1264 2518 1354 2614; x_wconf 88' lang='lat' dir='ltr'><strong>juris</strong></span> <span class='ocrx_word' id='word_1_86' title='bbox 1371 2515 1532 2588; x_wconf 84' lang='lat' dir='ltr'><strong>videren-</strong></span> 
     </span>
     <span class='ocr_line' id='line_1_14' title="bbox 463 2632 1532 2734; baseline 0 -31"><span class='ocrx_word' id='word_1_87' title='bbox 463 2648 531 2723; x_wconf 88' lang='lat' dir='ltr'><strong>tur,</strong></span> <span class='ocrx_word' id='word_1_88' title='bbox 548 2634 593 2733; x_wconf 81' lang='lat' dir='ltr'><strong>ab</strong></span> <span class='ocrx_word' id='word_1_89' title='bbox 617 2635 667 2705; x_wconf 89' lang='lat' dir='ltr'><strong>eis</strong></span> <span class='ocrx_word' id='word_1_90' title='bbox 690 2635 892 2733; x_wconf 87' lang='lat' dir='ltr'><strong>provincias</strong></span> <span class='ocrx_word' id='word_1_91' title='bbox 911 2636 1054 2734; x_wconf 89' lang='lat' dir='ltr'><strong>recepit.</strong></span> <span class='ocrx_word' id='word_1_92' title='bbox 1076 2640 1148 2707; x_wconf 89' lang='lat' dir='ltr'><strong>Nec</strong></span> <span class='ocrx_word' id='word_1_93' title='bbox 1167 2633 1303 2705; x_wconf 88' lang='lat' dir='ltr'><strong>distulit</strong></span> <span class='ocrx_word' id='word_1_94' title='bbox 1329 2659 1453 2707; x_wconf 84' lang='lat' dir='ltr'><strong>earum</strong></span> <span class='ocrx_word' id='word_1_95' title='bbox 1473 2632 1532 2704; x_wconf 85' lang='lat' dir='ltr'><strong>ad·</strong></span> 
     </span>
     <span class='ocr_line' id='line_1_15' title="bbox 462 2751 1530 2849; baseline 0.001 -30"><span class='ocrx_word' id='word_1_96' title='bbox 462 2752 756 2823; x_wconf 83' lang='lat' dir='ltr'><strong>ministrationem</strong></span> <span class='ocrx_word' id='word_1_97' title='bbox 780 2752 830 2821; x_wconf 89' lang='lat' dir='ltr'><strong>eis</strong></span> <span class='ocrx_word' id='word_1_98' title='bbox 855 2751 1011 2821; x_wconf 88' lang='lat' dir='ltr'><strong>credere.</strong></span> <span class='ocrx_word' id='word_1_99' title='bbox 1043 2751 1229 2821; x_wconf 92' lang='lat' dir='ltr'><strong>Commisit</strong></span> <span class='ocrx_word' id='word_1_100' title='bbox 1253 2751 1372 2849; x_wconf 85' lang='lat' dir='ltr'><strong>itaque</strong></span> <span class='ocrx_word' id='word_1_101' title='bbox 1399 2775 1441 2821; x_wconf 90' lang='lat' dir='ltr'><strong>ac</strong></span> <span class='ocrx_word' id='word_1_102' title='bbox 1464 2775 1530 2820; x_wconf 91' lang='lat' dir='ltr'><strong>suo</strong></span> 
     </span>
     <span class='ocr_line' id='line_1_16' title="bbox 462 2865 1531 2964; baseline 0.004 -30"><span class='ocrx_word' id='word_1_103' title='bbox 462 2865 560 2936; x_wconf 92' lang='lat' dir='ltr'><strong>dono</strong></span> <span class='ocrx_word' id='word_1_104' title='bbox 579 2866 657 2936; x_wconf 92' lang='lat' dir='ltr'><strong>illos</strong></span> <span class='ocrx_word' id='word_1_105' title='bbox 676 2866 868 2964; x_wconf 88' lang='lat' dir='ltr'><strong>principari</strong></span> <span class='ocrx_word' id='word_1_106' title='bbox 887 2868 1081 2956; x_wconf 87' lang='lat' dir='ltr'><strong>constituit,</strong></span> <span class='ocrx_word' id='word_1_107' title='bbox 1098 2868 1194 2964; x_wconf 85' lang='lat' dir='ltr'><strong>regia</strong></span> <span class='ocrx_word' id='word_1_108' title='bbox 1206 2867 1381 2939; x_wconf 78' lang='lat' dir='ltr'><strong>hilaritate</strong></span> <span class='ocrx_word' id='word_1_109' title='bbox 1402 2867 1531 2938; x_wconf 87' lang='lat' dir='ltr'><strong>hilares</strong></span> 
     </span>
     <span class='ocr_line' id='line_1_17' title="bbox 464 2981 1530 3082; baseline 0.005 -32"><span class='ocrx_word' id='word_1_110' title='bbox 464 2981 578 3052; x_wconf 92' lang='lat' dir='ltr'><strong>redire</strong></span> <span class='ocrx_word' id='word_1_111' title='bbox 603 2982 823 3079; x_wconf 89' lang='lat' dir='ltr'><strong>permittens.</strong></span> <span class='ocrx_word' id='word_1_112' title='bbox 849 2988 899 3053; x_wconf 78' lang='lat' dir='ltr'><strong>Ac</strong></span> <span class='ocrx_word' id='word_1_113' title='bbox 915 3008 999 3053; x_wconf 88' lang='lat' dir='ltr'><strong>cum</strong></span> <span class='ocrx_word' id='word_1_114' title='bbox 1023 2982 1115 3055; x_wconf 83' lang='lat' dir='ltr'><strong>dune</strong></span> <span class='ocrx_word' id='word_1_115' title='bbox 1138 2983 1205 3055; x_wconf 90' lang='lat' dir='ltr'><strong>iter</strong></span> <span class='ocrx_word' id='word_1_116' title='bbox 1228 2984 1304 3082; x_wconf 83' lang='lat' dir='ltr'><strong>ipse</strong></span> <span class='ocrx_word' id='word_1_117' title='bbox 1323 2985 1360 3054; x_wconf 93' lang='lat' dir='ltr'><strong>in</strong></span> <span class='ocrx_word' id='word_1_118' title='bbox 1380 2983 1530 3055; x_wconf 83' lang='lat' dir='ltr'><strong>Galliam</strong></span> 
     </span>
     <span class='ocr_line' id='line_1_18' title="bbox 463 3099 1113 3200; baseline 0.003 -33"><span class='ocrx_word' id='word_1_119' title='bbox 463 3112 685 3195; x_wconf 80' lang='lat' dir='ltr'><strong>retorquem,</strong></span> <span class='ocrx_word' id='word_1_120' title='bbox 701 3099 863 3169; x_wconf 80' lang='lat' dir='ltr'><strong>lauduni</strong></span> <span class='ocrx_word' id='word_1_121' title='bbox 880 3124 956 3171; x_wconf 90' lang='lat' dir='ltr'><strong>sese</strong></span> <span class='ocrx_word' id='word_1_122' title='bbox 969 3100 1113 3200; x_wconf 88' lang='lat' dir='ltr'><strong>recepit.</strong></span> 
     </span>
    </p>
   </div>
   <div class='ocr_carea' id='block_1_5' title="bbox 497 3258 1486 3352">
    <p class='ocr_par' dir='ltr' id='par_1_5' title="bbox 497 3258 1486 3352">
     <span class='ocr_line' id='line_1_19' title="bbox 497 3258 1486 3352; baseline 0.003 -21"><span class='ocrx_word' id='word_1_123' title='bbox 497 3280 555 3331; x_wconf 83' lang='lat' dir='ltr'><strong>XL.</strong></span> <span class='ocrx_word' id='word_1_124' title='bbox 564 3308 600 3321; x_wconf 90' lang='lat'><em>-</em></span> <span class='ocrx_word' id='word_1_125' title='bbox 609 3281 732 3333; x_wconf 74' lang='lat' dir='ltr'><strong>Amulius</strong></span> <span class='ocrx_word' id='word_1_126' title='bbox 744 3292 770 3333; x_wconf 87' lang='lat' dir='ltr'><strong>et</strong></span> <span class='ocrx_word' id='word_1_127' title='bbox 779 3258 903 3334; x_wconf 79' lang='lat' dir='ltr'><strong>Erluinus</strong></span> <span class='ocrx_word' id='word_1_128' title='bbox 913 3282 980 3352; x_wconf 80' lang='lat' dir='ltr'><strong>regis</strong></span> <span class='ocrx_word' id='word_1_129' title='bbox 990 3282 1133 3335; x_wconf 70' lang='lat' dir='ltr'><strong>suasione*</strong></span> <span class='ocrx_word' id='word_1_130' title='bbox 1144 3285 1172 3335; x_wconf 87' lang='lat' dir='ltr'><strong>in</strong></span> <span class='ocrx_word' id='word_1_131' title='bbox 1184 3283 1329 3336; x_wconf 79' lang='lat' dir='ltr'><strong>amicicim</strong></span> <span class='ocrx_word' id='word_1_132' title='bbox 1341 3282 1486 3335; x_wconf 76' lang='lat' dir='ltr'><strong>redeunt*.</strong></span> 
     </span>
    </p>
   </div>
   <div class='ocr_carea' id='block_1_6' title="bbox 429 3432 1531 3995">
    <p class='ocr_par' dir='ltr' id='par_1_6' title="bbox 429 3432 1531 3995">
     <span class='ocr_line' id='line_1_20' title="bbox 429 3432 1527 3535; baseline 0.005 -32"><span class='ocrx_word' id='word_1_133' title='bbox 429 3504 432 3514; x_wconf 67' lang='grc'>,</span> <span class='ocrx_word' id='word_1_134' title='bbox 512 3432 579 3503; x_wconf 92' lang='lat' dir='ltr'><strong>Ubi</strong></span> <span class='ocrx_word' id='word_1_135' title='bbox 608 3459 756 3516; x_wconf 83' lang='lat' dir='ltr'><strong>suorum</strong></span> <span class='ocrx_word' id='word_1_136' title='bbox 790 3437 988 3535; x_wconf 72' lang='lat' dir='ltr'><strong>praecipuos</strong></span> <span class='ocrx_word' id='word_1_137' title='bbox 1018 3453 1146 3535; x_wconf 84' lang='lat' dir='ltr'><strong>praeter</strong></span> <span class='ocrx_word' id='word_1_138' title='bbox 1175 3436 1304 3508; x_wconf 89' lang='lat' dir='ltr'><strong>ducem</strong></span> <span class='ocrx_word' id='word_1_139' title='bbox 1338 3436 1527 3533; x_wconf 83' lang='lat' dir='ltr'><strong>colligens,</strong></span> 
     </span>
     <span class='ocr_line' id='line_1_21' title="bbox 463 3551 1531 3651; baseline 0.005 -31"><span class='ocrx_word' id='word_1_140' title='bbox 463 3551 558 3647; x_wconf 86' lang='lat' dir='ltr'><strong>apud</strong></span> <span class='ocrx_word' id='word_1_141' title='bbox 577 3577 638 3622; x_wconf 91' lang='lat' dir='ltr'><strong>eos</strong></span> <span class='ocrx_word' id='word_1_142' title='bbox 656 3552 782 3649; x_wconf 88' lang='lat' dir='ltr'><strong>agebat</strong></span> <span class='ocrx_word' id='word_1_143' title='bbox 800 3555 968 3651; x_wconf 86' lang='lat' dir='ltr'><strong>quatinus</strong></span> <span class='ocrx_word' id='word_1_144' title='bbox 984 3555 1051 3625; x_wconf 85' lang='lat' dir='ltr'><strong>viri</strong></span> <span class='ocrx_word' id='word_1_145' title='bbox 1068 3554 1220 3625; x_wconf 88' lang='lat' dir='ltr'><strong>illustres</strong></span> <span class='ocrx_word' id='word_1_146' title='bbox 1240 3554 1406 3627; x_wconf 74' lang='lat' dir='ltr'><strong>Amulius</strong></span> <span class='ocrx_word' id='word_1_147' title='bbox 1424 3568 1531 3651; x_wconf 84' lang='lat' dir='ltr'><strong>atque</strong></span> 
     </span>
     <span class='ocr_line' id='line_1_22' title="bbox 463 3666 1531 3766; baseline 0.003 -30"><span class='ocrx_word' id='word_1_148' title='bbox 463 3666 646 3757; x_wconf 80' lang='lat' dir='ltr'><strong>Erluinus,&#39;</strong></span> <span class='ocrx_word' id='word_1_149' title='bbox 664 3670 835 3741; x_wconf 86' lang='lat' dir='ltr'><strong>laetarum</strong></span> <span class='ocrx_word' id='word_1_150' title='bbox 852 3671 1064 3766; x_wconf 86' lang='lat' dir='ltr'><strong>injuriarum</strong></span> <span class='ocrx_word' id='word_1_151' title='bbox 1087 3672 1304 3742; x_wconf 87' lang='lat' dir='ltr'><strong>inmemores</strong></span> <span class='ocrx_word' id='word_1_152' title='bbox 1326 3669 1467 3758; x_wconf 83' lang='lat' dir='ltr'><strong>fierent,</strong></span> <span class='ocrx_word' id='word_1_153' title='bbox 1491 3694 1531 3740; x_wconf 89' lang='lat' dir='ltr'><strong>ac</strong></span> 
     </span>
     <span class='ocr_line' id='line_1_23' title="bbox 461 3782 1530 3887; baseline 0.005 -34"><span class='ocrx_word' id='word_1_154' title='bbox 461 3782 499 3855; x_wconf 91' lang='lat' dir='ltr'><strong>in</strong></span> <span class='ocrx_word' id='word_1_155' title='bbox 530 3782 769 3858; x_wconf 85' lang='lat' dir='ltr'><strong>benivolentia</strong></span> <span class='ocrx_word' id='word_1_156' title='bbox 798 3788 1002 3879; x_wconf 81' lang='lat' dir='ltr'><strong>unirentur3</strong></span> <span class='ocrx_word' id='word_1_157' title='bbox 1031 3788 1103 3859; x_wconf 91' lang='lat' dir='ltr'><strong>suis</strong></span> <span class='ocrx_word' id='word_1_158' title='bbox 1129 3788 1235 3859; x_wconf 90' lang='lat' dir='ltr'><strong>rebus</strong></span> <span class='ocrx_word' id='word_1_159' title='bbox 1267 3788 1530 3887; x_wconf 89' lang='lat' dir='ltr'><strong>prosperiorem</strong></span> 
     </span>
     <span class='ocr_line' id='line_1_24' title="bbox 462 3901 1531 3995; baseline 0.001 -22"><span class='ocrx_word' id='word_1_160' title='bbox 462 3906 633 3973; x_wconf 86' lang='lat' dir='ltr'><strong>eventum</strong></span> <span class='ocrx_word' id='word_1_161' title='bbox 648 3901 769 3973; x_wconf 90' lang='lat' dir='ltr'><strong>deberi</strong></span> <span class='ocrx_word' id='word_1_162' title='bbox 793 3918 903 3995; x_wconf 87' lang='lat' dir='ltr'><strong>ratus,</strong></span> <span class='ocrx_word' id='word_1_163' title='bbox 924 3929 1071 3976; x_wconf 84' lang='lat' dir='ltr'><strong>suorum</strong></span> <span class='ocrx_word' id='word_1_164' title='bbox 1091 3904 1295 3979; x_wconf 86' lang='lat' dir='ltr'><strong>concordia.</strong></span> <span class='ocrx_word' id='word_1_165' title='bbox 1318 3904 1531 3976; x_wconf 73' lang='lat' dir='ltr'><strong>Convocatis</strong></span> 
     </span>
    </p>
   </div>
   <div class='ocr_carea' id='block_1_7' title="bbox 497 4132 846 4273">
    <p class='ocr_par' dir='ltr' id='par_1_7' title="bbox 497 4132 846 4273">
     <span class='ocr_line' id='line_1_25' title="bbox 497 4132 742 4199; baseline -0.004 -13"><span class='ocrx_word' id='word_1_166' title='bbox 497 4136 512 4167; x_wconf 71' lang='lat'><strong>*¹</strong></span> <span class='ocrx_word' id='word_1_167' title='bbox 531 4134 581 4199; x_wconf 79' lang='lat' dir='ltr'><strong>asi,</strong></span> <span class='ocrx_word' id='word_1_168' title='bbox 593 4132 627 4187; x_wconf 83' lang='lat' dir='ltr'><strong>tle</strong></span> <span class='ocrx_word' id='word_1_169' title='bbox 638 4133 742 4185; x_wconf 80' lang='lat' dir='ltr'><strong>absciso.</strong></span> 
     </span>
     <span class='ocr_line' id='line_1_26' title="bbox 498 4217 846 4273; baseline -0.006 0"><span class='ocrx_word' id='word_1_170' title='bbox 498 4220 506 4253; x_wconf 87' lang='lat'><strong>¹</strong></span> <span class='ocrx_word' id='word_1_171' title='bbox 526 4237 572 4273; x_wconf 84' lang='lat' dir='ltr'><strong>rex</strong></span> <span class='ocrx_word' id='word_1_172' title='bbox 584 4218 699 4273; x_wconf 74' lang='lat' dir='ltr'><strong>Francia</strong></span> <span class='ocrx_word' id='word_1_173' title='bbox 713 4217 808 4273; x_wconf 83' lang='lat' dir='ltr'><strong>ducem</strong></span> <span class='ocrx_word' id='word_1_174' title='bbox 821 4224 846 4271; x_wconf 88' lang='lat' dir='ltr'><strong>l.</strong></span> 
     </span>
    </p>
   </div>
   <div class='ocr_carea' id='block_1_8' title="bbox 0 0 1715 5392">
    <p class='ocr_par' dir='ltr' id='par_1_8' title="bbox 0 0 1715 5392">
     <span class='ocr_line' id='line_1_27' title="bbox 0 0 1715 5392; baseline 0 0"><span class='ocrx_word' id='word_1_175' title='bbox 0 0 1715 5392; x_wconf 95' lang='lat' dir='ltr'><strong> </strong></span> 
     </span>
    </p>
   </div>
  </div>
 </body>
</html>
