3417 5392
462 495 504 554 62
846 489 1013 552 RlCIIElll
1035 489 1110 552 tlt.
1136 491 1163 551 I.

462 637 604 702 causas,
627 607 730 709 regio'
751 609 896 683 decreto
923 626 959 683 et
980 609 1246 709 metropolitani
1264 611 1366 706 jussu
1388 611 1537 688 sinodus

462 728 559 829 apud
566 728 763 800 Trosleium
771 725 939 800 habenda
950 727 1130 798 indicitur.
1142 723 1209 798 Cui
1221 727 1365 819 sinodo,
1380 727 1537 802 domnus

462 847 632 918 Herireus
645 842 820 944 presedit,
831 867 914 940 rege
927 867 1073 941 quoque
1085 841 1220 914 ibidem
1228 844 1450 942 praesidente.
1470 845 1537 918 Ubi

462 988 571 1062 quam
589 961 750 1062 plurimis
764 984 843 1058 quae
861 957 1010 1031 utillima
1029 959 1104 1030 visa
1116 975 1199 1030 sunt
1211 951 1468 1052 determinatis,
1489 989 1539 1036 re·

363 1061 370 1073 ⁰
416 1160 421 1166 ,
462 1079 515 1179 gis
536 1079 738 1150 interventu
755 1090 792 1148 et
809 1075 973 1146 omnium
990 1075 1242 1177 episcoporum
1260 1076 1324 1174 qui
1341 1077 1470 1151 sinodo
1489 1081 1539 1152 in·

463 1193 614 1266 terfuere
645 1215 823 1265 consensu
853 1189 1010 1264 domnus
1041 1193 1211 1264 Heriveus
1243 1195 1539 1294 metropolitanus

463 1309 692 1382 Erlebaldum
713 1305 922 1406 praedictum
940 1307 1212 1383 Castricensium
1235 1311 1403 1384 comitem
1421 1337 1442 1384 a
1465 1315 1540 1384 vin·

463 1428 545 1499 culo
565 1423 963 1522 excommunicationis⁴
992 1422 1155 1496 absolvit.
1183 1425 1236 1496 lbi
1255 1427 1363 1498 etiam
1386 1428 1538 1501 Rodulfo

463 1543 754 1617 laudunensium
767 1541 937 1640 episcopo
950 1539 1132 1632 defuncto,
1148 1541 1369 1615 Adelelmum
1379 1545 1538 1641 ejusdem

463 1659 561 1732 urbis
583 1659 843 1732 thesaurarium
871 1656 984 1728 multo
1008 1658 1260 1758 episcoporum
1289 1685 1467 1733 consensu
1493 1663 1538 1734 ab

463 1801 545 1874 rege
562 1777 737 1848 donatum
755 1773 998 1872 sollempniter
1015 1773 1169 1848 ordinat.

826 2004 829 2012 .
943 1959 1060 2014 xxvn.

513 2092 575 2164 llis
592 2114 763 2190 prospere
783 2104 820 2161 et
833 2088 965 2160 utiliter
978 2089 1095 2186 gestis,
1117 2059 1179 2158 rex
1196 2090 1378 2187 superiora
1397 2091 1539 2190 Belgicae

464 2209 610 2307 repetit,
633 2207 751 2304 aliqua
774 2230 924 2276 suorum
941 2203 991 2296 ibi
1007 2205 1247 2277 ordinaturus.
1269 2211 1309 2278 ln
1326 2207 1538 2282 Ricbuinum
1682 2219 1683 2246 l

386 2320 389 2324 ⁸
441 2357 446 2364 ·
464 2324 631 2394 comitem
642 2320 765 2410 fertur,
774 2345 819 2425 eo
826 2320 928 2419 quod
939 2336 975 2391 et
984 2321 1060 2420 ipse
1069 2321 1242 2422 desertor,
1253 2323 1412 2396 Rotberti
1423 2341 1539 2425 partes

464 2437 641 2511 tuebatur.
657 2438 741 2533 Ejus
753 2461 839 2535 ergo
851 2435 994 2535 oppidis
1011 2435 1238 2511 obsidionem
1256 2437 1414 2532 adhibet,
1435 2441 1537 2515 vehe

464 2555 576 2627 menti
586 2553 847 2654 expugnatione
867 2552 1048 2626 infestans.
1071 2559 1114 2626 At
1130 2555 1189 2627 ille
1202 2557 1398 2654 equitatum
1415 2559 1537 2632 intole-

463 2672 613 2746 rabilem
626 2660 827 2761 advertens,
839 2670 921 2766 jure
931 2670 1099 2744 obsidum
1111 2672 1225 2744 victus
1238 2672 1284 2743 ad
1298 2699 1418 2771 regem
1430 2674 1534 2747 redit.
1683 2725 1684 2762 ,

465 2793 538 2861 Rex
555 2790 689 2860 victum
701 2786 894 2885 excipiens,
914 2787 1075 2859 animum
1092 2786 1139 2860 ab
1155 2789 1208 2861 ira
1225 2789 1383 2888 mitigat¹
1399 2816 1442 2863 ac
1455 2816 1536 2863 eum
1683 2779 1684 2840 l

438 2923 443 2932 ·
463 2907 501 2977 ln
515 2906 663 3003 gratiam
679 2905 837 2976 resumit.
934 2945 939 2952 ·

805 3089 809 3097 ·
938 3061 1071 3118 xxvm.
1384 3109 1386 3116 .

513 3196 611 3263 Dum
626 3189 703 3262 haec
720 3189 945 3288 gerebannn,
967 3191 1156 3264 Rotbertus
1177 3193 1316 3266 Celtioee
1332 3195 1455 3269 Galliae
1467 3197 1536 3268 dux

466 3310 597 3408 piratas
615 3307 742 3379 acriter
763 3306 967 3405 impetebat.
990 3312 1194 3407 Irruperant
1210 3311 1320 3402 enim,
1340 3312 1433 3385 duce
1464 3314 1537 3385 ttol-

465 3425 554 3498 lone
562 3423 638 3495 filio
650 3423 777 3514 Catilli,
797 3423 891 3494 intra
902 3425 1101 3496 Neustriam
1118 3428 1306 3525 repentini.
1320 3430 1471 3527 lamque
1489 3433 1537 3502 Li·

465 3543 576 3640 gerim
589 3539 699 3613 classe
716 3539 996 3631 transmiserant,
1017 3565 1059 3613 ac
1079 3540 1209 3615 linibus
1235 3543 1328 3617 illius
1351 3546 1536 3619 indemnes

465 3654 704 3757 potiebantur.
734 3653 837 3726 Ibant
860 3657 992 3754 passim
1009 3656 1185 3756 palantes,
1206 3675 1312 3759 atque
1334 3688 1418 3734 cum
1437 3664 1538 3736 vehe-

465 3771 645 3846 mentibus
666 3771 845 3846 nnnubiis
874 3771 921 3844 ad
945 3771 1093 3848 classem
1117 3799 1193 3848 sese
1215 3775 1425 3850 referebant.
1458 3783 1536 3850 Dux

465 3915 553 3964 vero
569 3915 612 3961 ex
630 3904 705 3961 tota
722 3889 883 3961 Neustria
901 3888 1022 3991 copias
1039 3889 1244 3989 collegerat3
1261 3893 1381 3992 plures
1393 3921 1536 3996 quoque

467 4035 510 4081 ex
530 4007 716 4105 Aquitania
728 4007 976 4098 accersiverat3
992 4007 1139 4080 aderant
1152 4010 1259 4081 etiam
1271 4010 1317 4082 ab
1330 4037 1413 4110 rege
1427 4013 1535 4086 missae
