3417 5392
452 564 508 620 122
815 567 978 627 RlCHElll
1003 567 1077 628 LIB.
1103 568 1144 626 ll.

450 713 467 747 u
483 680 596 753 multo
617 701 748 756 conatu
762 687 924 785 inprimis
946 686 983 757 id
1005 688 1071 758 erit
1088 687 1322 782 abolendum,
1348 707 1455 789 atque
1474 695 1518 766 ab

450 828 467 864 u
485 797 597 869 oculis
623 802 877 873 amovendum.
902 803 1169 874 Discordiamm
1193 805 1311 901 itaque
1335 807 1519 880 molimina

450 914 617 1009 «absint,
641 932 678 988 et
706 921 891 990 communi
917 920 1080 991 omnium
1102 919 1304 992 conibentia
1332 920 1378 992 de
1402 922 1519 1020 praefe·

450 1060 467 1096 «
485 1031 598 1103 rendo
611 1034 772 1134 principe
779 1035 1027 1108 deliberemus.
1044 1039 1145 1106 Pater
1155 1060 1268 1126 meus,
1283 1051 1400 1107 vestra
1410 1062 1521 1132 quon·

451 1176 468 1214 n
484 1146 569 1219 dam
586 1152 749 1222 omnium
761 1152 944 1224 voluntate
963 1177 1024 1223 rex
1041 1167 1197 1241 creatus,
1214 1177 1290 1226 non
1303 1153 1379 1224 sine
1391 1177 1519 1250 magno

451 1294 469 1332 a
485 1269 643 1363 regnarit
654 1267 829 1359 facinore,
844 1295 928 1340 cum
945 1269 1045 1340 iscui
1062 1268 1128 1339 soli
1142 1269 1224 1365 jura
1234 1267 1405 1366 regnandi
1416 1267 1520 1340 debe·

451 1412 469 1448 u
485 1381 617 1454 bantur
633 1385 789 1475 viveret,
809 1400 846 1457 et
865 1386 987 1457 vivens
1007 1410 1148 1457 carcere
1161 1384 1395 1456 clauderetur.
1413 1387 1519 1471 Quod

453 1499 620 1572 «credite
638 1505 716 1573 Deo
736 1527 810 1573 non
828 1516 1013 1601 acceptum
1033 1501 1150 1572 fuisse.
1173 1499 1276 1572 Unde
1294 1515 1330 1572 et
1349 1499 1461 1591 absit,
1483 1517 1521 1572 ut

449 1642 552 1714 «ego
583 1619 693 1716 patris
720 1619 802 1690 loco
830 1620 1003 1690 restituar.
1044 1621 1115 1688 Nec
1141 1637 1226 1688 vero
1254 1616 1358 1687 alieni
1385 1619 1521 1712 generis

452 1761 470 1798 α
486 1757 717 1832 quemquam,
731 1750 814 1834 post
829 1735 920 1806 divae
932 1733 1134 1806 memoriae*
1154 1731 1358 1824 Rodulium,
1372 1732 1523 1820 arbitror

452 1850 803 1947 «promovendum,
837 1875 922 1922 curn
945 1851 1020 1947 ejus
1042 1865 1203 1950 tempore
1228 1851 1344 1922 risum
1367 1850 1411 1922 sit
1437 1851 1521 1947 quld

452 1995 470 2032 «
487 1986 585 2038 nunc
607 1967 743 2038 innasci
761 1967 893 2066 possit,
913 1979 1140 2074 contemptus
1163 1965 1327 2038 videlicet
1346 1967 1454 2064 regis,
1483 1991 1522 2039 ac

453 2105 552 2179 «per
574 2083 645 2154 hoc
666 2085 870 2183 principum
888 2085 1078 2156 dissensus.
1108 2087 1298 2182 Repetatur
1317 2098 1401 2180 ergo
1423 2081 1523 2155 inter·

454 2227 472 2263 u
488 2212 594 2297 rupta
614 2199 800 2297 paululum
822 2202 924 2297 regiae
949 2201 1184 2297 generationis
1208 2199 1321 2290 linea,
1342 2223 1383 2270 ac
1405 2200 1521 2271 Karoli

455 2343 473 2379 u
489 2306 603 2384 fillum
629 2314 852 2387 Ludovicum
870 2341 889 2386 a
909 2313 1151 2394 transmarinis
1175 2305 1334 2414 partibus
1358 2334 1523 2387 revocan-

456 2459 473 2495 «
491 2443 559 2519 tes,
582 2454 701 2526 regem
718 2430 820 2502 vobis
838 2429 1005 2514 decenter
1023 2447 1151 2503 create.
1173 2429 1300 2529 Sicque
1315 2431 1392 2524 fret,
1413 2448 1470 2523 ut,
1491 2451 1524 2506 et

456 2547 637 2643 «antiqua
661 2544 827 2618 nobilitas
848 2548 951 2645 regiae
977 2547 1094 2650 stirpis
1112 2563 1270 2619 servetur
1288 2563 1324 2620 et
1340 2549 1493 2621 lautores
1508 2551 1520 2586 ²

457 2692 474 2730 u
492 2688 513 2734 a
534 2665 767 2762 querimoniis
793 2648 988 2761 quiescant.
1019 2669 1097 2736 Jam
1122 2664 1222 2762 quod
1251 2665 1370 2764 potius
1398 2681 1451 2738 est
1476 2693 1524 2738 se·

457 2809 475 2847 «
490 2796 657 2878 quentest,
688 2806 711 2852 a
736 2783 920 2853 maritimis
946 2781 1070 2852 horis⁸
1100 2780 1363 2852 adolescentem
1385 2806 1525 2853 revoce-

458 2925 476 2963 «
494 2919 585 2966 mus.
604 2925 622 2962 u
643 2896 781 2983 Quibus
798 2896 900 2968 dictis
917 2897 1103 2968 Gallorum
1119 2897 1298 2996 principes
1320 2899 1412 2969 mira
1431 2899 1525 2970 beni·

457 3012 612 3084 volentia
625 3013 769 3084 cedunt.
782 3018 863 3085 Dux
872 3015 991 3112 itaque
1004 3013 1137 3110 legatos
1151 3028 1310 3086 oratores
1323 3029 1420 3086 trans
1433 3039 1526 3086 mare

458 3128 506 3200 ad
525 3130 791 3201 accersiendum
805 3131 818 3168 ⁸
828 3131 845 3166 ⁸
860 3131 1081 3202 Ludovicum
1099 3130 1239 3227 dirigit,
1266 3133 1328 3228 qui
1346 3133 1380 3202 ei
1402 3129 1525 3202 aduce

457 3243 652 3316 Galliarum
678 3247 826 3344 aliisque
853 3247 1072 3347 principibus
1098 3246 1251 3318 reditum
1273 3246 1464 3336 suadeant,
1489 3272 1526 3318 ac

458 3359 504 3431 de
530 3360 664 3433 itineris
685 3363 871 3434 securitate
897 3363 1006 3435 fidem
1032 3364 1243 3435 sacramenti
1267 3363 1348 3460 jure
1372 3362 1522 3453 faciant,
1545 3398 1551 3411 =

459 3477 662 3577 principum
687 3480 883 3552 adventum
909 3505 1022 3578 usque
1051 3480 1096 3552 ad
1123 3482 1217 3580 ipsas
1238 3480 1380 3570 litoreas
1408 3503 1526 3552 arenas

461 3597 681 3674 denuntient.
703 3605 775 3689 Qui
796 3628 881 3674 mox
899 3602 1045 3699 digressi
1063 3603 1267 3674 Morinum*
1296 3602 1522 3674 devenerunt.

461 3715 569 3811 Cujus
590 3717 627 3787 in
647 3733 755 3816 portu
777 3744 886 3792 naves
903 3721 1066 3818 ingressi,
1090 3720 1175 3792 velis
1195 3719 1414 3791 tumentibus
1431 3743 1524 3817 pros-

498 3919 506 3948 ¹
526 3915 555 3969 d.
576 3935 613 3969 m.
637 3917 729 3981 codex,
746 3921 814 3992 quod
832 3921 970 3976 dominum
991 3941 1078 3976 meum
1097 3923 1166 3974 laud
1186 3941 1236 3974 esse
1255 3899 1395 3992 legendum,
1414 3933 1485 3992 caput
1500 3922 1526 3975 d.

462 4013 591 4052 monstrat.

498 4086 510 4115 ¹
528 4085 604 4137 multi
621 4088 645 4136 l.

500 4169 512 4196 ⁸
531 4171 549 4219 i.
566 4190 589 4219 e.
604 4169 666 4222 oris.

499 4252 530 4284 ὅ*
549 4273 573 4303 c.
590 4269 621 4306 ac
636 4252 787 4306 ludovicum
801 4255 994 4308 accersiendum
1007 4256 1180 4308 conclamant.
1198 4253 1289 4305 deleta.

502 4337 512 4371 ⁸
532 4337 674 4391 bononiam
691 4341 716 4388 l.
