<?xml version="1.0" encoding="UTF-8"?>
<!DOCTYPE html PUBLIC "-//W3C//DTD XHTML 1.0 Transitional//EN"
    "http://www.w3.org/TR/xhtml1/DTD/xhtml1-transitional.dtd">
<html xmlns="http://www.w3.org/1999/xhtml" xml:lang="en" lang="en">
 <head>
  <title>
</title>
<meta http-equiv="Content-Type" content="text/html;charset=utf-8" />
  <meta name='ocr-system' content='tesseract 3.04.00' />
  <meta name='ocr-capabilities' content='ocr_page ocr_carea ocr_par ocr_line ocrx_word'/>
</head>
<body>
  <div class='ocr_page' id='page_1' title='image "./richerhistoired02parigoog_0237.png"; bbox 0 0 3417 5392; ppageno 0'>
   <div class='ocr_carea' id='block_1_1' title="bbox 493 527 1172 594">
    <p class='ocr_par' dir='ltr' id='par_1_1' title="bbox 493 527 1172 594">
     <span class='ocr_line' id='line_1_1' title="bbox 493 527 1172 594; baseline -0.009 -1"><span class='ocrx_word' id='word_1_1' title='bbox 493 531 551 594; x_wconf 76' lang='lat'><strong>114</strong></span> <span class='ocrx_word' id='word_1_2' title='bbox 866 527 1031 590; x_wconf 85' lang='lat' dir='ltr'><strong>lllCllElll</strong></span> <span class='ocrx_word' id='word_1_3' title='bbox 1054 527 1127 588; x_wconf 72' lang='lat' dir='ltr'><strong>tte.</strong></span> <span class='ocrx_word' id='word_1_4' title='bbox 1146 531 1172 588; x_wconf 89' lang='lat' dir='ltr'><strong>l.</strong></span> 
     </span>
    </p>
   </div>
   <div class='ocr_carea' id='block_1_2' title="bbox 565 711 1480 869">
    <p class='ocr_par' dir='ltr' id='par_1_2' title="bbox 565 711 1480 869">
     <span class='ocr_line' id='line_1_2' title="bbox 565 711 1480 785; baseline 0.001 -18"><span class='ocrx_word' id='word_1_5' title='bbox 565 714 894 768; x_wconf 75' lang='lat' dir='ltr'><strong>Lx111.-1mersecti0*</strong></span> <span class='ocrx_word' id='word_1_6' title='bbox 916 711 1042 765; x_wconf 76' lang='lat' dir='ltr'><strong>Adelelmi</strong></span> <span class='ocrx_word' id='word_1_7' title='bbox 1060 714 1184 766; x_wconf 75' lang='lat' dir='ltr'><strong>comitis*</strong></span> <span class='ocrx_word' id='word_1_8' title='bbox 1201 715 1346 785; x_wconf 79' lang='lat' dir='ltr'><strong>aquodam</strong></span> <span class='ocrx_word' id='word_1_9' title='bbox 1363 715 1480 770; x_wconf 74' lang='lat' dir='ltr'><strong>clerico·</strong></span> 
     </span>
     <span class='ocr_line' id='line_1_3' title="bbox 673 795 1371 869; baseline 0.004 -21"><span class='ocrx_word' id='word_1_10' title='bbox 673 797 835 869; x_wconf 75' lang='lat' dir='ltr'><strong>episcopium</strong></span> <span class='ocrx_word' id='word_1_11' title='bbox 845 795 1020 852; x_wconf 81' lang='lat' dir='ltr'><strong>Noviomense</strong></span> <span class='ocrx_word' id='word_1_12' title='bbox 1027 799 1043 831; x_wconf 68' lang='lat'><strong>⁴*</strong></span> <span class='ocrx_word' id='word_1_13' title='bbox 1059 797 1219 867; x_wconf 72' lang='lat' dir='ltr'><strong>expetente*</strong></span> <span class='ocrx_word' id='word_1_14' title='bbox 1229 797 1338 851; x_wconf 82' lang='lat' dir='ltr'><strong>seducto</strong></span> <span class='ocrx_word' id='word_1_15' title='bbox 1345 798 1371 850; x_wconf 72' lang='lat'><strong>*.</strong></span> 
     </span>
    </p>
   </div>
   <div class='ocr_carea' id='block_1_3' title="bbox 487 953 1569 3853">
    <p class='ocr_par' dir='ltr' id='par_1_3' title="bbox 487 953 1569 3853">
     <span class='ocr_line' id='line_1_4' title="bbox 539 953 1557 1056; baseline -0.002 -26"><span class='ocrx_word' id='word_1_16' title='bbox 539 957 607 1031; x_wconf 91' lang='lat' dir='ltr'><strong>Ubi</strong></span> <span class='ocrx_word' id='word_1_17' title='bbox 619 972 809 1056; x_wconf 73' lang='lat' dir='ltr'><strong>postquem</strong></span> <span class='ocrx_word' id='word_1_18' title='bbox 827 954 907 1026; x_wconf 93' lang='lat' dir='ltr'><strong>urbi</strong></span> <span class='ocrx_word' id='word_1_19' title='bbox 918 953 1059 1040; x_wconf 66' lang='lat' dir='ltr'><strong>tuertdae</strong></span> <span class='ocrx_word' id='word_1_20' title='bbox 1077 957 1269 1028; x_wconf 83' lang='lat' dir='ltr'><strong>necessaria</strong></span> <span class='ocrx_word' id='word_1_21' title='bbox 1279 955 1457 1028; x_wconf 79' lang='lat' dir='ltr'><strong>ordinavit</strong></span> <span class='ocrx_word' id='word_1_22' title='bbox 1469 957 1496 1047; x_wconf 78' lang='lat'><strong>⁸,</strong></span> <span class='ocrx_word' id='word_1_23' title='bbox 1512 955 1557 1028; x_wconf 87' lang='lat' dir='ltr'><strong>de</strong></span> 
     </span>
     <span class='ocr_line' id='line_1_5' title="bbox 488 1071 1559 1175; baseline -0.003 -27"><span class='ocrx_word' id='word_1_24' title='bbox 488 1075 668 1175; x_wconf 91' lang='lat' dir='ltr'><strong>episcopio</strong></span> <span class='ocrx_word' id='word_1_25' title='bbox 692 1074 799 1145; x_wconf 88' lang='lat' dir='ltr'><strong>etiam</strong></span> <span class='ocrx_word' id='word_1_26' title='bbox 821 1071 1048 1142; x_wconf 87' lang='lat' dir='ltr'><strong>Noviomensi</strong></span> <span class='ocrx_word' id='word_1_27' title='bbox 1067 1071 1125 1142; x_wconf 90' lang='lat' dir='ltr'><strong>cui</strong></span> <span class='ocrx_word' id='word_1_28' title='bbox 1144 1087 1235 1143; x_wconf 89' lang='lat' dir='ltr'><strong>esset</strong></span> <span class='ocrx_word' id='word_1_29' title='bbox 1248 1071 1407 1144; x_wconf 84' lang='lat' dir='ltr'><strong>dandum</strong></span> <span class='ocrx_word' id='word_1_30' title='bbox 1430 1071 1559 1146; x_wconf 91' lang='lat' dir='ltr'><strong>delibe-</strong></span> 
     </span>
     <span class='ocr_line' id='line_1_6' title="bbox 489 1184 1559 1284; baseline -0.005 -21"><span class='ocrx_word' id='word_1_31' title='bbox 489 1192 604 1281; x_wconf 80' lang='lat' dir='ltr'>rabat,</span> <span class='ocrx_word' id='word_1_32' title='bbox 621 1214 703 1262; x_wconf 89' lang='lat' dir='ltr'><strong>cum</strong></span> <span class='ocrx_word' id='word_1_33' title='bbox 716 1203 802 1259; x_wconf 89' lang='lat' dir='ltr'><strong>tunc</strong></span> <span class='ocrx_word' id='word_1_34' title='bbox 816 1184 992 1282; x_wconf 80' lang='lat' dir='ltr'><strong>Ayrardus</strong></span> <span class='ocrx_word' id='word_1_35' title='bbox 1002 1185 1190 1284; x_wconf 83' lang='lat' dir='ltr'><strong>episcopus</strong></span> <span class='ocrx_word' id='word_1_36' title='bbox 1203 1184 1345 1260; x_wconf 84' lang='lat' dir='ltr'><strong>obisset.</strong></span> <span class='ocrx_word' id='word_1_37' title='bbox 1359 1191 1451 1261; x_wconf 82' lang='lat' dir='ltr'><strong>Nam</strong></span> <span class='ocrx_word' id='word_1_38' title='bbox 1463 1187 1559 1258; x_wconf 87' lang='lat' dir='ltr'><strong>Wal-</strong></span> 
     </span>
     <span class='ocr_line' id='line_1_7' title="bbox 487 1300 1561 1402; baseline -0.007 -20"><span class='ocrx_word' id='word_1_39' title='bbox 487 1307 609 1383; x_wconf 87' lang='lat' dir='ltr'><strong>bertus</strong></span> <span class='ocrx_word' id='word_1_40' title='bbox 621 1303 888 1378; x_wconf 75' lang='lat' dir='ltr'>corbeiensium</span> <span class='ocrx_word' id='word_1_41' title='bbox 906 1300 1015 1374; x_wconf 78' lang='lat' dir='ltr'><strong>abbas</strong></span> <span class='ocrx_word' id='word_1_42' title='bbox 1036 1301 1069 1372; x_wconf 93' lang='lat' dir='ltr'><strong>ei</strong></span> <span class='ocrx_word' id='word_1_43' title='bbox 1086 1301 1275 1377; x_wconf 79' lang='lat' dir='ltr'><strong>succedere</strong></span> <span class='ocrx_word' id='word_1_44' title='bbox 1294 1301 1493 1402; x_wconf 72' lang='lat' dir='ltr'><strong>petebatur,</strong></span> <span class='ocrx_word' id='word_1_45' title='bbox 1507 1305 1561 1376; x_wconf 81' lang='lat' dir='ltr'><strong>vir</strong></span> 
     </span>
     <span class='ocr_line' id='line_1_8' title="bbox 489 1419 1562 1508; baseline -0.003 -12"><span class='ocrx_word' id='word_1_46' title='bbox 489 1441 653 1502; x_wconf 86' lang='lat' dir='ltr'><strong>strenuus</strong></span> <span class='ocrx_word' id='word_1_47' title='bbox 665 1446 707 1497; x_wconf 84' lang='lat' dir='ltr'><strong>ac</strong></span> <span class='ocrx_word' id='word_1_48' title='bbox 724 1419 893 1508; x_wconf 85' lang='lat' dir='ltr'><strong>liberalis,</strong></span> <span class='ocrx_word' id='word_1_49' title='bbox 910 1434 945 1491; x_wconf 90' lang='lat' dir='ltr'><strong>et</strong></span> <span class='ocrx_word' id='word_1_50' title='bbox 958 1419 1017 1490; x_wconf 91' lang='lat' dir='ltr'><strong>cui</strong></span> <span class='ocrx_word' id='word_1_51' title='bbox 1029 1419 1137 1493; x_wconf 87' lang='lat' dir='ltr'><strong>totius</strong></span> <span class='ocrx_word' id='word_1_52' title='bbox 1148 1419 1291 1492; x_wconf 85' lang='lat' dir='ltr'><strong>honesti</strong></span> <span class='ocrx_word' id='word_1_53' title='bbox 1308 1420 1418 1492; x_wconf 85' lang='lat' dir='ltr'><strong>decus</strong></span> <span class='ocrx_word' id='word_1_54' title='bbox 1440 1419 1562 1493; x_wconf 68' lang='lat' dir='ltr'><strong>admo·</strong></span> 
     </span>
     <span class='ocr_line' id='line_1_9' title="bbox 490 1534 1560 1638; baseline -0.004 -26"><span class='ocrx_word' id='word_1_55' title='bbox 490 1541 578 1612; x_wconf 92' lang='lat' dir='ltr'><strong>dum</strong></span> <span class='ocrx_word' id='word_1_56' title='bbox 588 1538 732 1638; x_wconf 80' lang='lat' dir='ltr'><strong>placuit.</strong></span> <span class='ocrx_word' id='word_1_57' title='bbox 752 1541 824 1608; x_wconf 90' lang='lat' dir='ltr'><strong>Nec</strong></span> <span class='ocrx_word' id='word_1_58' title='bbox 836 1535 954 1610; x_wconf 86' lang='lat' dir='ltr'><strong>minus</strong></span> <span class='ocrx_word' id='word_1_59' title='bbox 974 1549 1011 1606; x_wconf 92' lang='lat' dir='ltr'><strong>et</strong></span> <span class='ocrx_word' id='word_1_60' title='bbox 1029 1534 1204 1633; x_wconf 79' lang='lat' dir='ltr'><strong>praedictae</strong></span> <span class='ocrx_word' id='word_1_61' title='bbox 1222 1535 1320 1608; x_wconf 90' lang='lat' dir='ltr'><strong>urbis</strong></span> <span class='ocrx_word' id='word_1_62' title='bbox 1329 1535 1476 1634; x_wconf 86' lang='lat' dir='ltr'><strong>quidam</strong></span> <span class='ocrx_word' id='word_1_63' title='bbox 1490 1536 1560 1608; x_wconf 84' lang='lat' dir='ltr'><strong>cle·</strong></span> 
     </span>
     <span class='ocr_line' id='line_1_10' title="bbox 490 1649 1563 1751; baseline -0.002 -25"><span class='ocrx_word' id='word_1_64' title='bbox 490 1659 583 1728; x_wconf 91' lang='lat' dir='ltr'><strong>ricus</strong></span> <span class='ocrx_word' id='word_1_65' title='bbox 604 1654 651 1728; x_wconf 83' lang='lat' dir='ltr'><strong>ab</strong></span> <span class='ocrx_word' id='word_1_66' title='bbox 676 1677 758 1750; x_wconf 82' lang='lat' dir='ltr'><strong>rege</strong></span> <span class='ocrx_word' id='word_1_67' title='bbox 784 1677 859 1723; x_wconf 84' lang='lat' dir='ltr'><strong>sese</strong></span> <span class='ocrx_word' id='word_1_68' title='bbox 885 1649 962 1723; x_wconf 87' lang='lat' dir='ltr'><strong>lieri</strong></span> <span class='ocrx_word' id='word_1_69' title='bbox 984 1675 1225 1724; x_wconf 89' lang='lat' dir='ltr'><strong>successorem</strong></span> <span class='ocrx_word' id='word_1_70' title='bbox 1250 1652 1477 1751; x_wconf 75' lang='lat' dir='ltr'><strong>postulabat,</strong></span> <span class='ocrx_word' id='word_1_71' title='bbox 1508 1655 1563 1724; x_wconf 83' lang='lat' dir='ltr'><strong>vir</strong></span> 
     </span>
     <span class='ocr_line' id='line_1_11' title="bbox 489 1767 1562 1865; baseline -0.004 -21"><span class='ocrx_word' id='word_1_72' title='bbox 489 1771 679 1862; x_wconf 77' lang='lat' dir='ltr'><strong>barbarus,</strong></span> <span class='ocrx_word' id='word_1_73' title='bbox 697 1794 806 1841; x_wconf 87' lang='lat' dir='ltr'><strong>manu</strong></span> <span class='ocrx_word' id='word_1_74' title='bbox 825 1784 932 1865; x_wconf 86' lang='lat' dir='ltr'><strong>atque</strong></span> <span class='ocrx_word' id='word_1_75' title='bbox 954 1767 1097 1840; x_wconf 82' lang='lat' dir='ltr'><strong>audatia</strong></span> <span class='ocrx_word' id='word_1_76' title='bbox 1113 1769 1264 1859; x_wconf 89' lang='lat' dir='ltr'><strong>nimius,</strong></span> <span class='ocrx_word' id='word_1_77' title='bbox 1289 1785 1324 1840; x_wconf 90' lang='lat' dir='ltr'><strong>ct</strong></span> <span class='ocrx_word' id='word_1_78' title='bbox 1343 1771 1400 1840; x_wconf 90' lang='lat' dir='ltr'><strong>oui</strong></span> <span class='ocrx_word' id='word_1_79' title='bbox 1417 1769 1562 1842; x_wconf 91' lang='lat' dir='ltr'><strong>solitum</strong></span> 
     </span>
     <span class='ocr_line' id='line_1_12' title="bbox 490 1881 1563 1982; baseline -0.002 -24"><span class='ocrx_word' id='word_1_80' title='bbox 490 1903 566 1959; x_wconf 85' lang='lat' dir='ltr'><strong>erat</strong></span> <span class='ocrx_word' id='word_1_81' title='bbox 577 1911 698 1958; x_wconf 89' lang='lat' dir='ltr'><strong>rerum</strong></span> <span class='ocrx_word' id='word_1_82' title='bbox 711 1884 907 1958; x_wconf 86' lang='lat' dir='ltr'><strong>alienarum</strong></span> <span class='ocrx_word' id='word_1_83' title='bbox 921 1881 1202 1981; x_wconf 83' lang='lat' dir='ltr'><strong>surreptionibus</strong></span> <span class='ocrx_word' id='word_1_84' title='bbox 1215 1882 1334 1954; x_wconf 85' lang='lat' dir='ltr'><strong>laetari.</strong></span> <span class='ocrx_word' id='word_1_85' title='bbox 1349 1883 1469 1956; x_wconf 84' lang='lat' dir='ltr'><strong>lliceb</strong></span> <span class='ocrx_word' id='word_1_86' title='bbox 1477 1903 1563 1982; x_wconf 71' lang='lat' dir='ltr'><strong>‘rege</strong></span> 
     </span>
     <span class='ocr_line' id='line_1_13' title="bbox 490 1999 1564 2100; baseline -0.001 -26"><span class='ocrx_word' id='word_1_87' title='bbox 490 2003 696 2100; x_wconf 79' lang='lat' dir='ltr'><strong>civibusque</strong></span> <span class='ocrx_word' id='word_1_88' title='bbox 720 2001 898 2097; x_wconf 86' lang='lat' dir='ltr'><strong>abjectus,</strong></span> <span class='ocrx_word' id='word_1_89' title='bbox 926 2025 989 2071; x_wconf 86' lang='lat' dir='ltr'><strong>cor</strong></span> <span class='ocrx_word' id='word_1_90' title='bbox 1013 2001 1059 2072; x_wconf 86' lang='lat' dir='ltr'><strong>ad</strong></span> <span class='ocrx_word' id='word_1_91' title='bbox 1087 1999 1190 2071; x_wconf 91' lang='lat' dir='ltr'><strong>dolos</strong></span> <span class='ocrx_word' id='word_1_92' title='bbox 1214 2002 1398 2073; x_wconf 88' lang='lat' dir='ltr'><strong>convertit.</strong></span> <span class='ocrx_word' id='word_1_93' title='bbox 1428 2001 1564 2075; x_wconf 76' lang='lat' dir='ltr'><strong>Adelel·</strong></span> 
     </span>
     <span class='ocr_line' id='line_1_14' title="bbox 492 2106 1564 2217; baseline 0 -26"><span class='ocrx_word' id='word_1_94' title='bbox 492 2146 592 2191; x_wconf 92' lang='lat' dir='ltr'><strong>mum</strong></span> <span class='ocrx_word' id='word_1_95' title='bbox 612 2121 730 2217; x_wconf 82' lang='lat' dir='ltr'><strong>itaque</strong></span> <span class='ocrx_word' id='word_1_96' title='bbox 750 2106 1034 2189; x_wconf 78' lang='lat' dir='ltr'><strong>Anabatensium</strong></span> <span class='ocrx_word' id='word_1_97' title='bbox 1057 2117 1242 2207; x_wconf 90' lang='lat' dir='ltr'><strong>comitem,</strong></span> <span class='ocrx_word' id='word_1_98' title='bbox 1259 2118 1359 2213; x_wconf 91' lang='lat' dir='ltr'><strong>cujus</strong></span> <span class='ocrx_word' id='word_1_99' title='bbox 1376 2143 1480 2190; x_wconf 87' lang='lat' dir='ltr'><strong>casus</strong></span> <span class='ocrx_word' id='word_1_100' title='bbox 1494 2144 1564 2192; x_wconf 90' lang='lat' dir='ltr'><strong>me·</strong></span> 
     </span>
     <span class='ocr_line' id='line_1_15' title="bbox 490 2234 1563 2334; baseline 0 -27"><span class='ocrx_word' id='word_1_101' title='bbox 490 2261 609 2309; x_wconf 88' lang='lat' dir='ltr'><strong>rorem</strong></span> <span class='ocrx_word' id='word_1_102' title='bbox 627 2236 746 2307; x_wconf 92' lang='lat' dir='ltr'><strong>multis</strong></span> <span class='ocrx_word' id='word_1_103' title='bbox 766 2236 930 2323; x_wconf 87' lang='lat' dir='ltr'><strong>incussit,</strong></span> <span class='ocrx_word' id='word_1_104' title='bbox 954 2234 1163 2306; x_wconf 82' lang='lat' dir='ltr'><strong>seducturus</strong></span> <span class='ocrx_word' id='word_1_105' title='bbox 1180 2236 1286 2334; x_wconf 89' lang='lat' dir='ltr'><strong>petit,</strong></span> <span class='ocrx_word' id='word_1_106' title='bbox 1303 2235 1378 2331; x_wconf 83' lang='lat' dir='ltr'><strong>ejus</strong></span> <span class='ocrx_word' id='word_1_107' title='bbox 1395 2235 1563 2308; x_wconf 81' lang='lat' dir='ltr'><strong>auxilium</strong></span> 
     </span>
     <span class='ocr_line' id='line_1_16' title="bbox 491 2349 1563 2452; baseline 0.002 -30"><span class='ocrx_word' id='word_1_108' title='bbox 491 2351 694 2452; x_wconf 85' lang='lat' dir='ltr'><strong>suppliciter</strong></span> <span class='ocrx_word' id='word_1_109' title='bbox 712 2365 855 2450; x_wconf 89' lang='lat' dir='ltr'><strong>petens,</strong></span> <span class='ocrx_word' id='word_1_110' title='bbox 886 2375 927 2421; x_wconf 86' lang='lat' dir='ltr'><strong>ac</strong></span> <span class='ocrx_word' id='word_1_111' title='bbox 950 2349 1077 2421; x_wconf 86' lang='lat' dir='ltr'><strong>suum²</strong></span> <span class='ocrx_word' id='word_1_112' title='bbox 1106 2349 1293 2449; x_wconf 87' lang='lat' dir='ltr'><strong>pollicens,</strong></span> <span class='ocrx_word' id='word_1_113' title='bbox 1317 2377 1392 2423; x_wconf 89' lang='lat' dir='ltr'><strong>sese</strong></span> <span class='ocrx_word' id='word_1_114' title='bbox 1413 2351 1459 2423; x_wconf 87' lang='lat' dir='ltr'><strong>ab</strong></span> <span class='ocrx_word' id='word_1_115' title='bbox 1483 2378 1563 2450; x_wconf 88' lang='lat' dir='ltr'><strong>rege</strong></span> 
     </span>
     <span class='ocr_line' id='line_1_17' title="bbox 491 2467 1563 2568; baseline 0.001 -28"><span class='ocrx_word' id='word_1_116' title='bbox 491 2484 738 2568; x_wconf 90' lang='lat' dir='ltr'><strong>contemptum</strong></span> <span class='ocrx_word' id='word_1_117' title='bbox 754 2469 896 2567; x_wconf 91' lang='lat' dir='ltr'><strong>penitus</strong></span> <span class='ocrx_word' id='word_1_118' title='bbox 917 2467 1165 2567; x_wconf 84' lang='lat' dir='ltr'><strong>supprimens:</strong></span> <span class='ocrx_word' id='word_1_119' title='bbox 1183 2497 1200 2536; x_wconf 78' lang='lat' dir='ltr'><strong>u</strong></span> <span class='ocrx_word' id='word_1_120' title='bbox 1217 2469 1273 2561; x_wconf 91' lang='lat' dir='ltr'><strong>Si,</strong></span> <span class='ocrx_word' id='word_1_121' title='bbox 1294 2469 1425 2567; x_wconf 91' lang='lat' dir='ltr'><strong>inquit,</strong></span> <span class='ocrx_word' id='word_1_122' title='bbox 1446 2495 1512 2568; x_wconf 92' lang='lat' dir='ltr'><strong>per</strong></span> <span class='ocrx_word' id='word_1_123' title='bbox 1531 2485 1563 2542; x_wconf 87' lang='lat' dir='ltr'><strong>te</strong></span> 
     </span>
     <span class='ocr_line' id='line_1_18' title="bbox 495 2585 1565 2689; baseline 0.006 -37"><span class='ocrx_word' id='word_1_124' title='bbox 495 2615 513 2653; x_wconf 80' lang='lat' dir='ltr'><strong>u</strong></span> <span class='ocrx_word' id='word_1_125' title='bbox 530 2587 754 2689; x_wconf 87' lang='lat' dir='ltr'><strong>episcopatus</strong></span> <span class='ocrx_word' id='word_1_126' title='bbox 774 2585 943 2681; x_wconf 82' lang='lat' dir='ltr'><strong>dignitate</strong></span> <span class='ocrx_word' id='word_1_127' title='bbox 956 2585 1086 2684; x_wconf 89' lang='lat' dir='ltr'><strong>potiar,</strong></span> <span class='ocrx_word' id='word_1_128' title='bbox 1108 2611 1173 2684; x_wconf 91' lang='lat' dir='ltr'><strong>per</strong></span> <span class='ocrx_word' id='word_1_129' title='bbox 1185 2611 1244 2657; x_wconf 88' lang='lat' dir='ltr'><strong>me</strong></span> <span class='ocrx_word' id='word_1_130' title='bbox 1257 2585 1444 2658; x_wconf 87' lang='lat' dir='ltr'><strong>efficaciter</strong></span> <span class='ocrx_word' id='word_1_131' title='bbox 1456 2589 1565 2658; x_wconf 88' lang='lat' dir='ltr'><strong>comi·</strong></span> 
     </span>
     <span class='ocr_line' id='line_1_19' title="bbox 496 2702 1565 2800; baseline 0.008 -32"><span class='ocrx_word' id='word_1_132' title='bbox 496 2732 513 2769; x_wconf 80' lang='lat' dir='ltr'><strong>u</strong></span> <span class='ocrx_word' id='word_1_133' title='bbox 531 2718 623 2774; x_wconf 88' lang='lat' dir='ltr'><strong>tatus</strong></span> <span class='ocrx_word' id='word_1_134' title='bbox 634 2702 812 2774; x_wconf 90' lang='lat' dir='ltr'><strong>honorem</strong></span> <span class='ocrx_word' id='word_1_135' title='bbox 824 2703 1064 2800; x_wconf 86' lang='lat' dir='ltr'><strong>consequeris.</strong></span> <span class='ocrx_word' id='word_1_136' title='bbox 1078 2703 1186 2792; x_wconf 82' lang='lat' dir='ltr'><strong>Quod</strong></span> <span class='ocrx_word' id='word_1_137' title='bbox 1202 2705 1307 2778; x_wconf 88' lang='lat' dir='ltr'><strong>etiam</strong></span> <span class='ocrx_word' id='word_1_138' title='bbox 1323 2705 1372 2775; x_wconf 93' lang='lat' dir='ltr'><strong>sic</strong></span> <span class='ocrx_word' id='word_1_139' title='bbox 1386 2703 1461 2776; x_wconf 85' lang='lat' dir='ltr'><strong>fieri</strong></span> <span class='ocrx_word' id='word_1_140' title='bbox 1471 2705 1565 2779; x_wconf 81' lang='lat' dir='ltr'><strong>vale-</strong></span> 
     </span>
     <span class='ocr_line' id='line_1_20' title="bbox 497 2818 1567 2911; baseline 0.007 -25"><span class='ocrx_word' id='word_1_141' title='bbox 497 2849 514 2886; x_wconf 84' lang='lat'>«</span> <span class='ocrx_word' id='word_1_142' title='bbox 531 2818 596 2910; x_wconf 90' lang='lat' dir='ltr'><strong>bit,</strong></span> <span class='ocrx_word' id='word_1_143' title='bbox 610 2819 639 2889; x_wconf 91' lang='lat' dir='ltr'><strong>si</strong></span> <span class='ocrx_word' id='word_1_144' title='bbox 652 2833 850 2893; x_wconf 90' lang='lat' dir='ltr'><strong>nocturnus</strong></span> <span class='ocrx_word' id='word_1_145' title='bbox 858 2818 956 2898; x_wconf 89' lang='lat' dir='ltr'><strong>urbis</strong></span> <span class='ocrx_word' id='word_1_146' title='bbox 964 2843 1086 2890; x_wconf 90' lang='lat' dir='ltr'><strong>muros</strong></span> <span class='ocrx_word' id='word_1_147' title='bbox 1101 2821 1321 2895; x_wconf 87' lang='lat' dir='ltr'><strong>conscendas</strong></span> <span class='ocrx_word' id='word_1_148' title='bbox 1337 2836 1385 2911; x_wconf 89' lang='lat' dir='ltr'><strong>et,</strong></span> <span class='ocrx_word' id='word_1_149' title='bbox 1404 2847 1464 2894; x_wconf 90' lang='lat' dir='ltr'><strong>me</strong></span> <span class='ocrx_word' id='word_1_150' title='bbox 1481 2823 1567 2899; x_wconf 89' lang='lat' dir='ltr'><strong>inte·</strong></span> 
     </span>
     <span class='ocr_line' id='line_1_21' title="bbox 497 2935 1569 3039; baseline 0.006 -35"><span class='ocrx_word' id='word_1_151' title='bbox 497 2966 516 3004; x_wconf 80' lang='lat' dir='ltr'><strong>u</strong></span> <span class='ocrx_word' id='word_1_152' title='bbox 529 2937 605 3008; x_wconf 91' lang='lat' dir='ltr'><strong>rius</strong></span> <span class='ocrx_word' id='word_1_153' title='bbox 612 2950 839 3039; x_wconf 85' lang='lat' dir='ltr'><strong>procurante,</strong></span> <span class='ocrx_word' id='word_1_154' title='bbox 852 2949 934 3016; x_wconf 87' lang='lat' dir='ltr'><strong>tuos</strong></span> <span class='ocrx_word' id='word_1_155' title='bbox 946 2935 1166 3028; x_wconf 79' lang='lat' dir='ltr'><strong>introducas5</strong></span> <span class='ocrx_word' id='word_1_156' title='bbox 1178 2961 1245 3034; x_wconf 86' lang='lat' dir='ltr'><strong>ego</strong></span> <span class='ocrx_word' id='word_1_157' title='bbox 1253 2938 1359 3017; x_wconf 84' lang='lat' dir='ltr'><strong>etiarn</strong></span> <span class='ocrx_word' id='word_1_158' title='bbox 1368 2961 1452 3017; x_wconf 86' lang='lat' dir='ltr'><strong>cum</strong></span> <span class='ocrx_word' id='word_1_159' title='bbox 1461 2937 1569 3036; x_wconf 91' lang='lat' dir='ltr'><strong>pluri·</strong></span> 
     </span>
     <span class='ocr_line' id='line_1_22' title="bbox 499 3052 1564 3153; baseline 0.007 -32"><span class='ocrx_word' id='word_1_160' title='bbox 499 3083 517 3122; x_wconf 88' lang='lat'>«</span> <span class='ocrx_word' id='word_1_161' title='bbox 534 3054 601 3124; x_wconf 89' lang='lat' dir='ltr'><strong>bus</strong></span> <span class='ocrx_word' id='word_1_162' title='bbox 609 3052 736 3143; x_wconf 75' lang='lat' dir='ltr'><strong>adero,</strong></span> <span class='ocrx_word' id='word_1_163' title='bbox 749 3053 958 3151; x_wconf 87' lang='lat' dir='ltr'><strong>collectique</strong></span> <span class='ocrx_word' id='word_1_164' title='bbox 966 3054 1003 3126; x_wconf 92' lang='lat' dir='ltr'><strong>in</strong></span> <span class='ocrx_word' id='word_1_165' title='bbox 1015 3055 1169 3150; x_wconf 82' lang='lat' dir='ltr'><strong>agmine,</strong></span> <span class='ocrx_word' id='word_1_166' title='bbox 1180 3053 1307 3129; x_wconf 87' lang='lat' dir='ltr'><strong>urbem</strong></span> <span class='ocrx_word' id='word_1_167' title='bbox 1318 3055 1564 3153; x_wconf 83' lang='lat' dir='ltr'><strong>pervademus.</strong></span> 
     </span>
     <span class='ocr_line' id='line_1_23' title="bbox 500 3168 1565 3270; baseline 0.002 -32"><span class='ocrx_word' id='word_1_168' title='bbox 500 3201 517 3238; x_wconf 76' lang='lat' dir='ltr'><strong>u</strong></span> <span class='ocrx_word' id='word_1_169' title='bbox 534 3176 656 3268; x_wconf 88' lang='lat' dir='ltr'><strong>Itaque</strong></span> <span class='ocrx_word' id='word_1_170' title='bbox 671 3168 733 3242; x_wconf 85' lang='lat' dir='ltr'><strong>fret</strong></span> <span class='ocrx_word' id='word_1_171' title='bbox 750 3184 788 3241; x_wconf 91' lang='lat' dir='ltr'><strong>ut</strong></span> <span class='ocrx_word' id='word_1_172' title='bbox 801 3171 897 3242; x_wconf 85' lang='lat' dir='ltr'><strong>cives</strong></span> <span class='ocrx_word' id='word_1_173' title='bbox 914 3185 976 3244; x_wconf 91' lang='lat' dir='ltr'><strong>aut</strong></span> <span class='ocrx_word' id='word_1_174' title='bbox 992 3172 1173 3270; x_wconf 83' lang='lat' dir='ltr'><strong>capiamus</strong></span> <span class='ocrx_word' id='word_1_175' title='bbox 1190 3186 1252 3242; x_wconf 93' lang='lat' dir='ltr'><strong>aut</strong></span> <span class='ocrx_word' id='word_1_176' title='bbox 1269 3171 1530 3270; x_wconf 83' lang='lat' dir='ltr'><strong>propulsemns.</strong></span> <span class='ocrx_word' id='word_1_177' title='bbox 1549 3203 1565 3240; x_wconf 76' lang='lat' dir='ltr'><em>n</em></span> 
     </span>
     <span class='ocr_line' id='line_1_24' title="bbox 498 3285 1565 3376; baseline -0.002 -16"><span class='ocrx_word' id='word_1_178' title='bbox 498 3291 637 3360; x_wconf 86' lang='lat' dir='ltr'><strong>Horum</strong></span> <span class='ocrx_word' id='word_1_179' title='bbox 671 3287 873 3364; x_wconf 84' lang='lat' dir='ltr'><strong>Adelelmus</strong></span> <span class='ocrx_word' id='word_1_180' title='bbox 896 3287 1089 3376; x_wconf 84' lang='lat' dir='ltr'><strong>credulus,</strong></span> <span class='ocrx_word' id='word_1_181' title='bbox 1125 3285 1227 3358; x_wconf 88' lang='lat' dir='ltr'><strong>dictis</strong></span> <span class='ocrx_word' id='word_1_182' title='bbox 1252 3287 1432 3359; x_wconf 86' lang='lat' dir='ltr'><strong>suadentis</strong></span> <span class='ocrx_word' id='word_1_183' title='bbox 1463 3287 1565 3360; x_wconf 82' lang='lat' dir='ltr'><strong>lavet.</strong></span> 
     </span>
     <span class='ocr_line' id='line_1_25' title="bbox 499 3401 1568 3502; baseline 0.003 -28"><span class='ocrx_word' id='word_1_184' title='bbox 499 3403 619 3482; x_wconf 86' lang='lat' dir='ltr'><strong>Scelus</strong></span> <span class='ocrx_word' id='word_1_185' title='bbox 652 3429 737 3501; x_wconf 83' lang='lat' dir='ltr'><strong>ergo</strong></span> <span class='ocrx_word' id='word_1_186' title='bbox 770 3419 1072 3502; x_wconf 84' lang='lat' dir='ltr'><strong>attemptaturus,</strong></span> <span class='ocrx_word' id='word_1_187' title='bbox 1102 3401 1228 3474; x_wconf 91' lang='lat' dir='ltr'><strong>urbem</strong></span> <span class='ocrx_word' id='word_1_188' title='bbox 1259 3420 1458 3476; x_wconf 86' lang='lat' dir='ltr'><strong>nocturnus</strong></span> <span class='ocrx_word' id='word_1_189' title='bbox 1489 3429 1568 3477; x_wconf 88' lang='lat' dir='ltr'><strong>cum</strong></span> 
     </span>
     <span class='ocr_line' id='line_1_26' title="bbox 500 3518 1569 3620; baseline 0.001 -29"><span class='ocrx_word' id='word_1_190' title='bbox 500 3520 701 3618; x_wconf 84' lang='lat' dir='ltr'><strong>ingentibus</strong></span> <span class='ocrx_word' id='word_1_191' title='bbox 721 3521 834 3619; x_wconf 92' lang='lat' dir='ltr'><strong>copiis</strong></span> <span class='ocrx_word' id='word_1_192' title='bbox 853 3522 953 3620; x_wconf 88' lang='lat' dir='ltr'><strong>petit.</strong></span> <span class='ocrx_word' id='word_1_193' title='bbox 969 3521 1125 3592; x_wconf 85' lang='lat' dir='ltr'><strong>Clericus</strong></span> <span class='ocrx_word' id='word_1_194' title='bbox 1135 3519 1224 3591; x_wconf 90' lang='lat' dir='ltr'><strong>nulli</strong></span> <span class='ocrx_word' id='word_1_195' title='bbox 1235 3522 1272 3590; x_wconf 91' lang='lat' dir='ltr'><strong>in</strong></span> <span class='ocrx_word' id='word_1_196' title='bbox 1290 3518 1378 3591; x_wconf 91' lang='lat' dir='ltr'><strong>urbe</strong></span> <span class='ocrx_word' id='word_1_197' title='bbox 1392 3520 1486 3592; x_wconf 90' lang='lat' dir='ltr'><strong>male</strong></span> <span class='ocrx_word' id='word_1_198' title='bbox 1498 3545 1569 3592; x_wconf 73' lang='lat' dir='ltr'><strong>cre</strong></span> 
     </span>
     <span class='ocr_line' id='line_1_27' title="bbox 502 3635 1568 3740; baseline 0.002 -32"><span class='ocrx_word' id='word_1_199' title='bbox 502 3637 625 3728; x_wconf 91' lang='lat' dir='ltr'><strong>dulus,</strong></span> <span class='ocrx_word' id='word_1_200' title='bbox 652 3637 787 3710; x_wconf 82' lang='lat' dir='ltr'><strong>lacinus</strong></span> <span class='ocrx_word' id='word_1_201' title='bbox 810 3637 1026 3737; x_wconf 84' lang='lat' dir='ltr'><strong>patrandum</strong></span> <span class='ocrx_word' id='word_1_202' title='bbox 1047 3639 1084 3708; x_wconf 92' lang='lat' dir='ltr'><strong>in</strong></span> <span class='ocrx_word' id='word_1_203' title='bbox 1102 3637 1184 3708; x_wconf 92' lang='lat' dir='ltr'><strong>loco</strong></span> <span class='ocrx_word' id='word_1_204' title='bbox 1206 3635 1468 3740; x_wconf 85' lang='lat' dir='ltr'><strong>opperiebatur.</strong></span> <span class='ocrx_word' id='word_1_205' title='bbox 1492 3641 1568 3726; x_wconf 85' lang='lat' dir='ltr'><strong>Quo</strong></span> 
     </span>
     <span class='ocr_line' id='line_1_28' title="bbox 505 3741 1568 3853; baseline 0.001 -29"><span class='ocrx_word' id='word_1_206' title='bbox 505 3748 703 3825; x_wconf 74' lang='lat' dir='ltr'><strong>A&#39;delelmus</strong></span> <span class='ocrx_word' id='word_1_207' title='bbox 714 3741 908 3846; x_wconf 84' lang='lat' dir='ltr'><strong>accedens,</strong></span> <span class='ocrx_word' id='word_1_208' title='bbox 924 3754 1027 3826; x_wconf 90' lang='lat' dir='ltr'><strong>abeo</strong></span> <span class='ocrx_word' id='word_1_209' title='bbox 1047 3779 1131 3826; x_wconf 88' lang='lat' dir='ltr'><strong>curn</strong></span> <span class='ocrx_word' id='word_1_210' title='bbox 1144 3755 1215 3824; x_wconf 86' lang='lat' dir='ltr'><strong>suis</strong></span> <span class='ocrx_word' id='word_1_211' title='bbox 1226 3769 1392 3853; x_wconf 80' lang='lat' dir='ltr'><strong>exceptus</strong></span> <span class='ocrx_word' id='word_1_212' title='bbox 1401 3769 1471 3845; x_wconf 81' lang='lat' dir='ltr'><strong>est3</strong></span> <span class='ocrx_word' id='word_1_213' title='bbox 1487 3753 1568 3825; x_wconf 90' lang='lat' dir='ltr'><strong>den·</strong></span> 
     </span>
    </p>
   </div>
   <div class='ocr_carea' id='block_1_4' title="bbox 416 3892 1565 4263">
    <p class='ocr_par' dir='ltr' id='par_1_4' title="bbox 416 3892 1216 4018">
     <span class='ocr_line' id='line_1_29' title="bbox 416 3892 1216 4018; baseline -0.003 -21"><span class='ocrx_word' id='word_1_214' title='bbox 416 3952 418 3955; x_wconf 83' lang='lat'>&#39;</span> <span class='ocrx_word' id='word_1_215' title='bbox 540 3949 555 3981; x_wconf 65' lang='lat'><strong>&#39;¹&#39;</strong></span> <span class='ocrx_word' id='word_1_216' title='bbox 575 3946 642 4010; x_wconf 90' lang='lat' dir='ltr'><strong>ctio,</strong></span> <span class='ocrx_word' id='word_1_217' title='bbox 657 3945 739 4011; x_wconf 88' lang='lat' dir='ltr'><strong>comi,</strong></span> <span class='ocrx_word' id='word_1_218' title='bbox 752 3946 828 4010; x_wconf 87' lang='lat' dir='ltr'><strong>cleri,</strong></span> <span class='ocrx_word' id='word_1_219' title='bbox 841 3892 902 4012; x_wconf 61' lang='lat' dir='ltr'><strong>iio,</strong></span> <span class='ocrx_word' id='word_1_220' title='bbox 921 3959 1014 4018; x_wconf 87' lang='lat' dir='ltr'><strong>peten,</strong></span> <span class='ocrx_word' id='word_1_221' title='bbox 1027 3960 1054 3998; x_wconf 87' lang='lat' dir='ltr'><strong>to</strong></span> <span class='ocrx_word' id='word_1_222' title='bbox 1072 3966 1102 3996; x_wconf 76' lang='lat' dir='ltr'><strong>er</strong></span> <span class='ocrx_word' id='word_1_223' title='bbox 1114 3947 1216 4016; x_wconf 70' lang='lat' dir='ltr'><strong>conjeci.</strong></span> 
     </span>
    </p>

    <p class='ocr_par' dir='ltr' id='par_1_5' title="bbox 507 4027 1565 4263">
     <span class='ocr_line' id='line_1_30' title="bbox 544 4027 1565 4100; baseline -0.001 -19"><span class='ocrx_word' id='word_1_224' title='bbox 544 4031 551 4059; x_wconf 85' lang='lat'><strong>¹</strong></span> <span class='ocrx_word' id='word_1_225' title='bbox 573 4029 627 4081; x_wconf 91' lang='lat' dir='ltr'><strong>Ubi</strong></span> <span class='ocrx_word' id='word_1_226' title='bbox 640 4046 701 4080; x_wconf 89' lang='lat' dir='ltr'><strong>cum</strong></span> <span class='ocrx_word' id='word_1_227' title='bbox 712 4047 758 4080; x_wconf 85' lang='lat' dir='ltr'><strong>rex</strong></span> <span class='ocrx_word' id='word_1_228' title='bbox 771 4028 831 4080; x_wconf 90' lang='lat' dir='ltr'><strong>urbi</strong></span> <span class='ocrx_word' id='word_1_229' title='bbox 843 4028 946 4082; x_wconf 77' lang='lat' dir='ltr'><strong>tuendae</strong></span> <span class='ocrx_word' id='word_1_230' title='bbox 957 4029 1099 4082; x_wconf 77' lang='lat' dir='ltr'><strong>necessaria</strong></span> <span class='ocrx_word' id='word_1_231' title='bbox 1109 4027 1252 4082; x_wconf 80' lang='lat' dir='ltr'><strong>ordinaret.</strong></span> <span class='ocrx_word' id='word_1_232' title='bbox 1265 4047 1296 4080; x_wconf 82' lang='lat' dir='ltr'><strong>ac</strong></span> <span class='ocrx_word' id='word_1_233' title='bbox 1310 4029 1337 4080; x_wconf 89' lang='lat' dir='ltr'><strong>in</strong></span> <span class='ocrx_word' id='word_1_234' title='bbox 1349 4027 1466 4100; x_wconf 71' lang='lat' dir='ltr'><strong>predicti</strong></span> <span class='ocrx_word' id='word_1_235' title='bbox 1478 4029 1565 4082; x_wconf 82' lang='lat' dir='ltr'><strong>tiranni</strong></span> 
     </span>
     <span class='ocr_line' id='line_1_31' title="bbox 507 4111 1563 4185; baseline -0.003 -18"><span class='ocrx_word' id='word_1_236' title='bbox 507 4115 591 4167; x_wconf 84' lang='lat' dir='ltr'><strong>labem</strong></span> <span class='ocrx_word' id='word_1_237' title='bbox 614 4114 665 4165; x_wconf 81' lang='lat' dir='ltr'><strong>alia</strong></span> <span class='ocrx_word' id='word_1_238' title='bbox 682 4112 754 4184; x_wconf 81' lang='lat' dir='ltr'><strong>apud</strong></span> <span class='ocrx_word' id='word_1_239' title='bbox 776 4113 916 4183; x_wconf 81' lang='lat' dir='ltr'><strong>Hugonem</strong></span> <span class='ocrx_word' id='word_1_240' title='bbox 937 4113 1142 4185; x_wconf 71' lang='lat' dir='ltr'><strong>disponeretur</strong></span> <span class='ocrx_word' id='word_1_241' title='bbox 1165 4111 1199 4165; x_wconf 89' lang='lat' dir='ltr'><strong>de</strong></span> <span class='ocrx_word' id='word_1_242' title='bbox 1221 4113 1354 4183; x_wconf 79' lang='lat' dir='ltr'><strong>episcopio</strong></span> <span class='ocrx_word' id='word_1_243' title='bbox 1373 4131 1397 4164; x_wconf 87' lang='lat' dir='ltr'><strong>e.</strong></span> <span class='ocrx_word' id='word_1_244' title='bbox 1414 4115 1448 4166; x_wconf 89' lang='lat' dir='ltr'><strong>N.</strong></span> <span class='ocrx_word' id='word_1_245' title='bbox 1463 4133 1486 4164; x_wconf 87' lang='lat' dir='ltr'><strong>c.</strong></span> <span class='ocrx_word' id='word_1_246' title='bbox 1502 4133 1523 4166; x_wconf 84' lang='lat' dir='ltr'><strong>e.</strong></span> <span class='ocrx_word' id='word_1_247' title='bbox 1538 4113 1563 4165; x_wconf 92' lang='lat' dir='ltr'><strong>d.</strong></span> 
     </span>
     <span class='ocr_line' id='line_1_32' title="bbox 507 4197 773 4263; baseline -0.011 -13"><span class='ocrx_word' id='word_1_248' title='bbox 507 4197 672 4263; x_wconf 84' lang='lat' dir='ltr'><strong>deliberaret,</strong></span> <span class='ocrx_word' id='word_1_249' title='bbox 685 4209 732 4247; x_wconf 84' lang='lat' dir='ltr'><strong>etc.</strong></span> <span class='ocrx_word' id='word_1_250' title='bbox 748 4200 773 4248; x_wconf 93' lang='lat' dir='ltr'><strong>l.</strong></span> 
     </span>
    </p>
   </div>
   <div class='ocr_carea' id='block_1_5' title="bbox 542 4280 872 4352">
    <p class='ocr_par' dir='ltr' id='par_1_6' title="bbox 542 4280 872 4352">
     <span class='ocr_line' id='line_1_33' title="bbox 542 4280 872 4352; baseline -0.012 -18"><span class='ocrx_word' id='word_1_251' title='bbox 542 4282 554 4313; x_wconf 85' lang='lat'><strong>¹</strong></span> <span class='ocrx_word' id='word_1_252' title='bbox 573 4301 601 4352; x_wconf 96' lang='lat' dir='ltr'><strong>p.</strong></span> <span class='ocrx_word' id='word_1_253' title='bbox 618 4280 656 4334; x_wconf 92' lang='lat' dir='ltr'><strong>illi</strong></span> <span class='ocrx_word' id='word_1_254' title='bbox 668 4281 745 4334; x_wconf 81' lang='lat' dir='ltr'><strong>etiam</strong></span> <span class='ocrx_word' id='word_1_255' title='bbox 761 4301 782 4332; x_wconf 81' lang='lat' dir='ltr'><strong>s.</strong></span> <span class='ocrx_word' id='word_1_256' title='bbox 799 4300 827 4351; x_wconf 91' lang='lat' dir='ltr'><strong>p.</strong></span> <span class='ocrx_word' id='word_1_257' title='bbox 847 4284 872 4331; x_wconf 85' lang='lat' dir='ltr'><strong>l.</strong></span> 
     </span>
    </p>
   </div>
   <div class='ocr_carea' id='block_1_6' title="bbox 0 0 1733 5392">
    <p class='ocr_par' dir='ltr' id='par_1_7' title="bbox 0 0 1733 5392">
     <span class='ocr_line' id='line_1_34' title="bbox 0 0 1733 5392; baseline 0 0"><span class='ocrx_word' id='word_1_258' title='bbox 0 0 1733 5392; x_wconf 95' lang='lat' dir='ltr'><strong> </strong></span> 
     </span>
    </p>
   </div>
  </div>
 </body>
</html>
