3417 5392
447 596 516 655 ω
823 578 991 645 utonem
1014 540 1089 647 itu.
1113 583 1158 641 u.

640 772 767 826 txxvl.
778 800 814 813 -
824 768 940 823 Oratio*
952 767 1080 823 ottonis·
1092 766 1161 838 regis
1172 782 1224 838 pro
1234 762 1338 819 eodem

503 931 556 1003 Ad
568 928 645 1001 hoec
655 953 718 999 rex
731 929 816 998 Otto
831 952 838 995 :
870 922 1035 1011 «Multa,
1054 948 1071 987 u
1093 921 1210 1018 inquit
1224 968 1244 1011 ,-
1253 948 1271 988 u
1285 935 1381 1011 sunt,
1395 936 1530 1019 patres,

456 1084 474 1123 u
495 1050 691 1141 beneficia,
721 1072 801 1146 quae
818 1044 965 1119 avobis
984 1043 1122 1115 d'omno
1144 1066 1186 1114 ac
1210 1042 1434 1116 serenissimo
1457 1047 1533 1144 regi

452 1200 474 1239 u
496 1169 679 1242 Ludovico
699 1164 830 1239 utiliter
852 1160 1119 1245 accommodari
1141 1158 1323 1232 valebtmt.
1339 1163 1481 1233 Etenim
1501 1165 1533 1236 si

458 1318 474 1356 u
497 1288 574 1385 ejus
595 1272 826 1361 insectatores
848 1279 956 1351 armis
981 1277 1110 1350 divinis
1129 1276 1366 1369 adoriamini,
1394 1304 1534 1352 conse-

456 1440 474 1477 u
496 1422 648 1507 quanter
669 1419 730 1477 aut
758 1400 851 1474 facili
864 1382 867 1390 ¹
878 1399 1033 1473 tumultu
1051 1398 1181 1470 devicti
1194 1397 1390 1491 labascent,
1404 1418 1479 1494 aut,
1503 1406 1532 1475 si

343 1548 345 1555 ’
450 1557 475 1597 ,«
498 1524 586 1624 quid
596 1519 842 1621 impetendum
854 1517 1087 1614 relinquetur,
1112 1514 1247 1587 facilius
1271 1518 1402 1589 nostris
1425 1519 1535 1591 armis

457 1674 476 1716 u
498 1639 746 1735 infirmabitur.
762 1640 836 1708 Vos
844 1658 945 1731 ergo,
959 1632 1108 1730 jubente
1130 1630 1257 1703 domni
1278 1657 1379 1731 papae
1389 1633 1532 1731 legato,

461 1788 480 1827 r
501 1756 610 1831 uestri
628 1751 765 1833 ordinis
776 1751 1013 1821 instrumenta
1023 1746 1173 1835 exerite,
1198 1771 1241 1818 ac
1262 1749 1351 1818 tanti
1371 1750 1537 1846 regisud-

457 1906 478 1946 u
495 1872 669 1947 versarios
700 1867 936 1940 anathematis
968 1864 1086 1961 gladio
1116 1862 1411 1936 transverberate.
1441 1870 1537 1939 Con·

460 2022 478 2063 u
500 1976 555 2065 tra
566 2014 645 2089 quae
658 1989 687 2060 si
705 1986 881 2087 cervicem
892 1998 1016 2090 postea
1025 1982 1161 2078 erigere
1173 1980 1345 2073 audeant,
1370 1998 1405 2055 et
1422 1982 1537 2088 domi·

459 2140 478 2179 u
499 2108 589 2180 nicis
613 2100 807 2177 interdictis
833 2101 996 2171 resistere
1020 2118 1096 2168 non
1127 2093 1342 2188 formidant,
1370 2115 1536 2171 nostrum

460 2262 479 2301 u
502 2228 630 2317 exinde
652 2224 736 2315 erit,
766 2221 897 2320 quibus
925 2218 1160 2291 commissum
1181 2229 1235 2288 est
1256 2219 1293 2289 in
1318 2216 1386 2291 hac
1409 2220 1538 2293 mundi

461 2378 479 2417 u
500 2360 600 2447 parte
618 2355 777 2414 sanctam
794 2340 861 2410 Dei
873 2334 1067 2444 aecclesiam
1092 2334 1203 2425 tueri,
1228 2336 1319 2406 utin
1330 2331 1418 2408 tales
1438 2363 1538 2411 arma

461 2484 705 2550 «sumamus,
729 2452 938 2551 hujusmodi
962 2449 1195 2522 debellemus.
1223 2453 1266 2522 Et
1298 2452 1328 2522 si
1348 2456 1539 2528 necessitas

463 2576 692 2675 «adurgeat,
726 2570 855 2642 strictis
880 2566 1005 2665 gladiis
1028 2592 1141 2664 usquc
1172 2566 1219 2638 ad
1246 2567 1539 2645 immanissimam

464 2726 484 2765 u
505 2692 639 2769 caedem
645 2687 968 2790 perditissimorum
978 2684 1167 2755 hominum
1177 2683 1411 2777 deseviamus,
1420 2686 1539 2762 habita

467 2843 485 2882 u
507 2814 543 2883 in
562 2804 644 2883 illos
656 2805 860 2905 justissimae.
876 2800 1131 2898 indignationis
1150 2825 1277 2893 musa,
1298 2804 1399 2900 quod
1421 2804 1540 2879 illicita

467 2959 486 2998 «
508 2924 769 3026 aggrediantur,
783 2928 831 3012 ct,
847 2942 913 3017 pro
925 2916 1053 2988 illicitis
1064 2919 1264 3009 ammoniti,
1278 2944 1354 2992 non
1365 2924 1540 3020 corrigan-

468 3077 487 3115 «
509 3062 578 3117 tur.
590 3047 667 3143 ¹Vos
680 3041 798 3138 itaque
815 3049 955 3108 tantum
971 3034 1097 3105 vestris
1118 3034 1290 3126 insistite,
1314 3052 1352 3109 et
1369 3054 1540 3135 postmo-

469 3193 487 3231 ,α
510 3161 660 3235 destiam
674 3152 1274 3248 vestramvirtusnosuasequetur.
1297 3182 1315 3221 u

437 3390 439 3397 ·
550 3318 861 3433 LXXVIL-Epistola
872 3378 888 3412 a
898 3327 995 3413 sinodo
1000 3357 1034 3396 *¹
1047 3315 1083 3413 ad
1093 3358 1234 3432 Hugonem
1244 3361 1277 3397 *¹*
1292 3361 1411 3436 delegata
1419 3365 1462 3420 ¹⁸.

518 3542 659 3637 Quibus
667 3540 783 3631 dictis,
796 3560 897 3630 mox,
910 3536 1026 3647 sinodi
1038 3536 1195 3633 decreto,
1209 3542 1357 3643 epistola
1367 3543 1540 3645 descripta

470 3682 525 3740 est
536 3664 725 3765 palamque
738 3658 899 3745 recitata,
922 3656 1017 3727 hanc
1033 3656 1227 3729 verborum
1244 3661 1370 3732 seriem
1390 3677 1536 3737 tenens:

474 3815 492 3854 κ
514 3764 642 3854 Sancta
654 3775 802 3847 sinodus
816 3775 852 3843 in
864 3772 996 3871 palatio
1014 3772 1222 3869 Angleheim
1239 3776 1307 3848 sub
1327 3775 1472 3850 domnis
1492 3794 1541 3852 at·

475 3930 494 3971 u
515 3923 587 3997 que
604 3890 813 3967 orthodoxis
830 3887 973 3985 regibus
997 3888 1180 3961 Ludovico
1200 3906 1236 3963 et
1259 3896 1392 3969 Ottone
1414 3893 1540 3968 utiliter

477 4048 494 4087 u
515 4014 655 4101 hahita,
670 4008 812 4103 Hugoni
827 4005 923 4076 duci.
938 4006 1087 4091 Quantis
1105 4007 1228 4098 malis,
1252 4026 1456 4109 quantaque
1464 4037 1539 4111 per-

508 4274 523 4310 ⁸
542 4273 591 4335 Or,
603 4270 644 4321 nis
655 4264 759 4319 abscisa.

510 4358 541 4393 ὓ*
559 4354 622 4420 asi,
639 4350 673 4405 ad
685 4351 840 4421 Hugonem,
853 4359 896 4399 ata
907 4348 1010 4399 drusa.
