3417 5392
478 565 534 623 178
835 559 1000 620 utonem
1022 560 1097 620 LlB.
1124 562 1164 624 ll.

473 682 685 780 preteriret,
706 705 773 753 nec
790 705 874 752 eum
891 680 1109 770 dinosceret,
1131 695 1165 752 et
1183 679 1229 760 ab
1246 679 1407 752 hostibus
1429 682 1542 781 impe-

474 799 555 869 titus
573 797 609 868 in
634 797 716 869 loco
736 813 862 887 staret,
890 797 1160 896 comminusque
1182 797 1405 895 confligeret,
1430 797 1541 870 Thur

472 915 602 986 modus
618 916 690 986 suis
708 916 871 1014 stipatus,
892 939 1012 1012 regem
1029 939 1050 986 a
1070 932 1166 1012 tergo
1181 915 1335 1013 appetit,
1356 913 1540 1011 iactusque

471 1033 504 1101 ei
522 1031 661 1120 dexter,
682 1057 748 1130 per
765 1031 881 1103 loricae
900 1031 1076 1101 manicam
1099 1055 1190 1127 pene
1213 1030 1389 1127 usquead
1407 1031 1539 1102 sinistri

469 1143 587 1217 lateris
598 1146 869 1244 ypocundriam,
880 1146 1002 1218 lancea
1015 1148 1159 1217 sauciat.
1174 1151 1258 1234 Rex,
1275 1145 1386 1217 multa
1392 1145 1480 1218 cede
1491 1147 1539 1218 ab

469 1287 514 1338 eo
527 1263 662 1362 impetu
675 1258 852 1362 paulisper
865 1262 1035 1353 dimotus,
1050 1263 1266 1334 sauciantem
1277 1262 1418 1360 respicit
1426 1287 1436 1350 ;
1452 1263 1538 1334 ictu-

468 1381 588 1475 quein
606 1379 766 1451 dextram
778 1380 981 1477 obliquato,
1002 1379 1227 1477 provocantis
1245 1392 1353 1476 caput
1369 1402 1452 1448 cum
1474 1378 1538 1449 hu·

468 1518 568 1566 mero
592 1496 733 1566 sinistro
758 1495 958 1567 obtruncat.
979 1500 1089 1566 Tanta
1107 1518 1250 1591 quoque
1273 1493 1368 1564 ceede
1389 1494 1536 1590 gentiles

467 1611 533 1682 fusi
551 1628 651 1701 sunt,
673 1626 852 1683 uteorum
868 1637 999 1683 novem
1012 1610 1107 1681 milia
1123 1610 1131 1647 ¹
1151 1634 1232 1681 cesa
1242 1609 1292 1680 ibi
1305 1609 1531 1682 referrentur.

467 1727 603 1824 Reliqui
620 1751 724 1816 vero,
745 1727 946 1827 paucissimi
959 1743 1076 1799 tamen
1089 1781 1097 1816 ,
1118 1725 1233 1798 navali
1246 1725 1410 1825 profugio
1423 1729 1535 1826 erepti

465 1859 559 1915 sunt.
590 1845 695 1949 Rera
718 1847 795 1915 Deo
822 1844 968 1915 victoria
990 1845 1122 1943 potitus
1147 1859 1211 1931 est,
1240 1841 1387 1914 suorum
1413 1859 1533 1915 tamen

465 1962 586 2058 paucis
614 1959 719 2051 fusis,
750 1959 929 2032 nonnullis
955 1986 1040 2048 vero
1066 1961 1238 2031 sauciatis.
1267 1964 1351 2030 Post
1377 1983 1533 2056 quorum

465 2103 587 2150 curam
600 2078 716 2161 redire
726 2077 933 2176 disponens,
955 2077 1157 2148 Rodomum
1174 2077 1319 2148 Erluino
1334 2077 1529 2163 commisit;

464 2194 538 2292 ipse
551 2194 812 2293 Compendium
830 2193 982 2291 rediens.

419 2706 424 2724 ⁸
464 2719 761 2773 xxxvi-Annuus
770 2721 980 2792 archiepiscopus
990 2721 1106 2774 tirannos
1117 2721 1234 2786 dimittit,
1246 2735 1272 2774 et
1283 2721 1317 2774 ed
1329 2739 1416 2793 regem
1428 2725 1529 2775 nansit.

474 2993 477 2998 ,
513 2886 594 2994 Quo
621 2930 704 2976 eum
717 2997 720 3003 ,
734 2906 917 2978 advenisse
947 2906 1157 2998 dinoscens,
1185 2908 1369 2999 Artoldus,
1403 2909 1527 3004 quiin

464 3021 630 3096 coenobio
643 3023 754 3093 sancti
774 3023 889 3094 Basoli
902 3023 1112 3110 confessoris
1124 3024 1169 3095 ab
1181 3024 1269 3096 urbe
1282 3023 1404 3123 pulsus
1416 3048 1529 3095 mora-

464 3137 589 3227 batur,
609 3163 694 3209 mox
711 3138 880 3235 quicquid
894 3165 913 3210 a
928 3141 1069 3211 tiranno
1089 3140 1154 3211 sibi
1171 3141 1332 3212 relictum
1351 3155 1426 3212 erat
1444 3139 1529 3236 abji-

465 3257 577 3346 ciens,
598 3256 644 3326 ad
656 3280 774 3352 regem
786 3279 861 3327 sese
873 3257 1038 3346 contulit,
1055 3257 1201 3329 mallens
1215 3257 1309 3356 apud
1322 3281 1404 3329 eum
1417 3281 1526 3356 parvo

464 3388 653 3444 contentus
670 3373 820 3460 morari,
842 3399 950 3470 quam
968 3375 1177 3446 insaciabilis
1195 3355 1323 3445 tiranni
1348 3372 1527 3445 beneficiis

466 3489 626 3562 detineri.
638 3493 710 3560 Rex
717 3489 1043 3588 metropolitanum,
1056 3516 1128 3586 quo
1142 3493 1216 3589 ipse
1230 3517 1291 3561 rex
1304 3506 1527 3570 consecratus

466 3605 550 3697 fuit,
570 3607 698 3702 injuste
715 3605 971 3705 praecipitatum
989 3605 1131 3696 dolens,
1145 3633 1190 3677 ne
1203 3595 1340 3681 diffidat
1350 3607 1522 3696 hortatur,

465 3707 646 3794 summurn
663 3707 899 3800 sacerdotium
917 3747 992 3816 sese
1011 3725 1043 3794 ei
1060 3722 1282 3795 redditurum
1294 3722 1477 3822 pollicens.

504 3970 511 3996 ⁹
533 3950 600 4021 fl'tl'.
614 3973 747 4041 proeposito
762 3971 804 4021 .V.
818 3973 880 4021 etin
895 3972 1002 4037 margine
1013 3968 1095 4020 eadem
1108 3989 1180 4020 manu
1192 3951 1297 4022 V'ffit—
