<?xml version="1.0" encoding="UTF-8"?>
<!DOCTYPE html PUBLIC "-//W3C//DTD XHTML 1.0 Transitional//EN"
    "http://www.w3.org/TR/xhtml1/DTD/xhtml1-transitional.dtd">
<html xmlns="http://www.w3.org/1999/xhtml" xml:lang="en" lang="en">
 <head>
  <title>
</title>
<meta http-equiv="Content-Type" content="text/html;charset=utf-8" />
  <meta name='ocr-system' content='tesseract 3.04.00' />
  <meta name='ocr-capabilities' content='ocr_page ocr_carea ocr_par ocr_line ocrx_word'/>
</head>
<body>
  <div class='ocr_page' id='page_1' title='image "./richerhistoired02parigoog_0247.png"; bbox 0 0 3417 5392; ppageno 0'>
   <div class='ocr_carea' id='block_1_1' title="bbox 460 569 1148 633">
    <p class='ocr_par' dir='ltr' id='par_1_1' title="bbox 460 569 1148 633">
     <span class='ocr_line' id='line_1_1' title="bbox 460 569 1148 633; baseline 0.001 -5"><span class='ocrx_word' id='word_1_1' title='bbox 460 570 514 631; x_wconf 74' lang='lat' dir='ltr'><strong>tat</strong></span> <span class='ocrx_word' id='word_1_2' title='bbox 820 569 984 633; x_wconf 85' lang='lat' dir='ltr'><strong>RlCHERl</strong></span> <span class='ocrx_word' id='word_1_3' title='bbox 1009 573 1082 632; x_wconf 85' lang='lat' dir='ltr'><strong>Ltn.</strong></span> <span class='ocrx_word' id='word_1_4' title='bbox 1108 573 1148 630; x_wconf 88' lang='lat' dir='ltr'><strong>lt.</strong></span> 
     </span>
    </p>
   </div>
   <div class='ocr_carea' id='block_1_2' title="bbox 402 691 1523 1255">
    <p class='ocr_par' dir='ltr' id='par_1_2' title="bbox 402 691 1523 1255">
     <span class='ocr_line' id='line_1_2' title="bbox 402 691 1523 790; baseline 0.003 -29"><span class='ocrx_word' id='word_1_5' title='bbox 402 697 407 709; x_wconf 87' lang='lat'><em>&#39;</em></span> <span class='ocrx_word' id='word_1_6' title='bbox 453 691 546 787; x_wconf 92' lang='lat' dir='ltr'><strong>peris</strong></span> <span class='ocrx_word' id='word_1_7' title='bbox 559 691 688 776; x_wconf 88' lang='lat' dir='ltr'><strong>ventis,</strong></span> <span class='ocrx_word' id='word_1_8' title='bbox 707 692 834 790; x_wconf 90' lang='lat' dir='ltr'><strong>raptim</strong></span> <span class='ocrx_word' id='word_1_9' title='bbox 848 693 893 764; x_wconf 92' lang='lat' dir='ltr'><strong>ad</strong></span> <span class='ocrx_word' id='word_1_10' title='bbox 913 710 1042 766; x_wconf 90' lang='lat' dir='ltr'><strong>terram</strong></span> <span class='ocrx_word' id='word_1_11' title='bbox 1055 693 1190 766; x_wconf 85' lang='lat' dir='ltr'>devecti</span> <span class='ocrx_word' id='word_1_12' title='bbox 1203 708 1296 764; x_wconf 91' lang='lat' dir='ltr'><strong>sunt.</strong></span> <span class='ocrx_word' id='word_1_13' title='bbox 1315 693 1523 765; x_wconf 68' lang='lat' dir='ltr'><strong>adelstanus</strong></span> 
     </span>
     <span class='ocr_line' id='line_1_3' title="bbox 454 807 1521 906; baseline 0.005 -32"><span class='ocrx_word' id='word_1_14' title='bbox 454 833 513 878; x_wconf 81' lang='lat' dir='ltr'><strong>rex</strong></span> <span class='ocrx_word' id='word_1_15' title='bbox 530 808 566 878; x_wconf 92' lang='lat' dir='ltr'><strong>in</strong></span> <span class='ocrx_word' id='word_1_16' title='bbox 582 807 709 878; x_wconf 88' lang='lat' dir='ltr'><strong>urbem</strong></span> <span class='ocrx_word' id='word_1_17' title='bbox 727 835 806 904; x_wconf 83' lang='lat' dir='ltr'><strong>quae</strong></span> <span class='ocrx_word' id='word_1_18' title='bbox 824 808 953 881; x_wconf 90' lang='lat' dir='ltr'><strong>dicitur</strong></span> <span class='ocrx_word' id='word_1_19' title='bbox 972 810 1141 899; x_wconf 88' lang='lat' dir='ltr'><strong>Eurvich,</strong></span> <span class='ocrx_word' id='word_1_20' title='bbox 1167 835 1357 906; x_wconf 86' lang='lat' dir='ltr'><strong>regnorum</strong></span> <span class='ocrx_word' id='word_1_21' title='bbox 1382 809 1521 906; x_wconf 88' lang='lat' dir='ltr'><strong>negotia</strong></span> 
     </span>
     <span class='ocr_line' id='line_1_4' title="bbox 451 925 1521 1026; baseline 0.004 -34"><span class='ocrx_word' id='word_1_22' title='bbox 451 946 534 993; x_wconf 91' lang='lat' dir='ltr'><strong>cum</strong></span> <span class='ocrx_word' id='word_1_23' title='bbox 552 939 682 1023; x_wconf 90' lang='lat' dir='ltr'><strong>nepote</strong></span> <span class='ocrx_word' id='word_1_24' title='bbox 704 925 887 996; x_wconf 89' lang='lat' dir='ltr'><strong>Ludovico</strong></span> <span class='ocrx_word' id='word_1_25' title='bbox 907 927 1002 1026; x_wconf 93' lang='lat' dir='ltr'><strong>apud</strong></span> <span class='ocrx_word' id='word_1_26' title='bbox 1026 952 1108 998; x_wconf 90' lang='lat' dir='ltr'><strong>suos</strong></span> <span class='ocrx_word' id='word_1_27' title='bbox 1132 925 1356 1025; x_wconf 84' lang='lat' dir='ltr'><strong>disponebat.</strong></span> <span class='ocrx_word' id='word_1_28' title='bbox 1381 930 1458 996; x_wconf 89' lang='lat' dir='ltr'><strong>Huc</strong></span> <span class='ocrx_word' id='word_1_29' title='bbox 1476 925 1521 997; x_wconf 89' lang='lat' dir='ltr'><strong>le·</strong></span> 
     </span>
     <span class='ocr_line' id='line_1_5' title="bbox 451 1041 1522 1140; baseline 0 -28"><span class='ocrx_word' id='word_1_30' title='bbox 451 1043 520 1136; x_wconf 87' lang='lat' dir='ltr'><strong>gati</strong></span> <span class='ocrx_word' id='word_1_31' title='bbox 545 1041 792 1130; x_wconf 86' lang='lat' dir='ltr'><strong>devenientes,</strong></span> <span class='ocrx_word' id='word_1_32' title='bbox 819 1068 939 1140; x_wconf 89' lang='lat' dir='ltr'><strong>regem</strong></span> <span class='ocrx_word' id='word_1_33' title='bbox 962 1044 1120 1133; x_wconf 92' lang='lat' dir='ltr'><strong>adeunt,</strong></span> <span class='ocrx_word' id='word_1_34' title='bbox 1141 1069 1182 1114; x_wconf 91' lang='lat' dir='ltr'><strong>ac</strong></span> <span class='ocrx_word' id='word_1_35' title='bbox 1204 1067 1223 1113; x_wconf 86' lang='lat' dir='ltr'><strong>a</strong></span> <span class='ocrx_word' id='word_1_36' title='bbox 1243 1042 1333 1114; x_wconf 89' lang='lat' dir='ltr'><strong>duce</strong></span> <span class='ocrx_word' id='word_1_37' title='bbox 1353 1043 1522 1138; x_wconf 87' lang='lat' dir='ltr'><strong>magnali-</strong></span> 
     </span>
     <span class='ocr_line' id='line_1_6' title="bbox 449 1157 1227 1255; baseline 0 -27"><span class='ocrx_word' id='word_1_38' title='bbox 449 1157 587 1255; x_wconf 87' lang='lat' dir='ltr'><strong>busque</strong></span> <span class='ocrx_word' id='word_1_39' title='bbox 605 1158 790 1230; x_wconf 84' lang='lat' dir='ltr'>Gallorum</span> <span class='ocrx_word' id='word_1_40' title='bbox 808 1160 977 1231; x_wconf 87' lang='lat' dir='ltr'><strong>decenter</strong></span> <span class='ocrx_word' id='word_1_41' title='bbox 995 1159 1190 1231; x_wconf 89' lang='lat' dir='ltr'><strong>salutantur</strong></span> <span class='ocrx_word' id='word_1_42' title='bbox 1202 1161 1227 1228; x_wconf 74' lang='lat'><strong>⁴.</strong></span> 
     </span>
    </p>
   </div>
   <div class='ocr_carea' id='block_1_3' title="bbox 476 1365 1495 1439">
    <p class='ocr_par' dir='ltr' id='par_1_3' title="bbox 476 1365 1495 1439">
     <span class='ocr_line' id='line_1_7' title="bbox 476 1365 1495 1439; baseline -0.002 -20"><span class='ocrx_word' id='word_1_43' title='bbox 476 1370 527 1421; x_wconf 90' lang='lat'><em>111.</em></span> <span class='ocrx_word' id='word_1_44' title='bbox 538 1398 575 1408; x_wconf 92' lang='lat'>—</span> <span class='ocrx_word' id='word_1_45' title='bbox 583 1369 689 1439; x_wconf 62' lang='lat' dir='ltr'><strong>legatio</strong></span> <span class='ocrx_word' id='word_1_46' title='bbox 698 1370 714 1402; x_wconf 72' lang='lat'><strong>⁴*</strong></span> <span class='ocrx_word' id='word_1_47' title='bbox 724 1369 884 1422; x_wconf 77' lang='lat' dir='ltr'><strong>Gallorum*</strong></span> <span class='ocrx_word' id='word_1_48' title='bbox 901 1369 935 1422; x_wconf 84' lang='lat' dir='ltr'><strong>ad</strong></span> <span class='ocrx_word' id='word_1_49' title='bbox 949 1369 1119 1422; x_wconf 79' lang='lat' dir='ltr'><strong>Adelstanum</strong></span> <span class='ocrx_word' id='word_1_50' title='bbox 1131 1369 1147 1402; x_wconf 74' lang='lat'><em>*</em></span> <span class='ocrx_word' id='word_1_51' title='bbox 1160 1385 1248 1438; x_wconf 84' lang='lat' dir='ltr'><strong>regem</strong></span> <span class='ocrx_word' id='word_1_52' title='bbox 1263 1385 1312 1438; x_wconf 80' lang='lat' dir='ltr'><strong>pro</strong></span> <span class='ocrx_word' id='word_1_53' title='bbox 1325 1365 1461 1419; x_wconf 86' lang='lat' dir='ltr'><strong>Ludovico</strong></span> <span class='ocrx_word' id='word_1_54' title='bbox 1470 1371 1495 1416; x_wconf 73' lang='lat'><strong>¹.</strong></span> 
     </span>
    </p>
   </div>
   <div class='ocr_carea' id='block_1_4' title="bbox 443 1513 1585 4060">
    <p class='ocr_par' dir='ltr' id='par_1_4' title="bbox 443 1513 1585 4060">
     <span class='ocr_line' id='line_1_8' title="bbox 498 1513 1516 1614; baseline 0 -32"><span class='ocrx_word' id='word_1_55' title='bbox 498 1516 725 1610; x_wconf 78' lang='lat' dir='ltr'><strong>legationem</strong></span> <span class='ocrx_word' id='word_1_56' title='bbox 738 1517 844 1585; x_wconf 85' lang='lat' dir='ltr'><strong>etiam</strong></span> <span class='ocrx_word' id='word_1_57' title='bbox 858 1515 1124 1614; x_wconf 79' lang='lat' dir='ltr'><strong>promulgantes</strong></span> <span class='ocrx_word' id='word_1_58' title='bbox 1139 1543 1146 1584; x_wconf 93' lang='lat'>:</span> <span class='ocrx_word' id='word_1_59' title='bbox 1170 1544 1188 1583; x_wconf 80' lang='lat' dir='ltr'><strong>u</strong></span> <span class='ocrx_word' id='word_1_60' title='bbox 1202 1515 1323 1604; x_wconf 88' lang='lat' dir='ltr'><strong>Ducis,</strong></span> <span class='ocrx_word' id='word_1_61' title='bbox 1340 1513 1516 1610; x_wconf 89' lang='lat' dir='ltr'><strong>inquiunt,</strong></span> 
     </span>
     <span class='ocr_line' id='line_1_9' title="bbox 451 1629 1520 1729; baseline 0.003 -33"><span class='ocrx_word' id='word_1_62' title='bbox 451 1630 744 1722; x_wconf 81' lang='lat' dir='ltr'><strong>«benivolentia,</strong></span> <span class='ocrx_word' id='word_1_63' title='bbox 765 1648 872 1729; x_wconf 89' lang='lat' dir='ltr'><strong>atque</strong></span> <span class='ocrx_word' id='word_1_64' title='bbox 899 1632 1061 1703; x_wconf 89' lang='lat' dir='ltr'><strong>omnium</strong></span> <span class='ocrx_word' id='word_1_65' title='bbox 1080 1633 1142 1728; x_wconf 93' lang='lat' dir='ltr'><strong>qui</strong></span> <span class='ocrx_word' id='word_1_66' title='bbox 1165 1633 1202 1705; x_wconf 90' lang='lat' dir='ltr'><strong>in</strong></span> <span class='ocrx_word' id='word_1_67' title='bbox 1224 1630 1344 1701; x_wconf 87' lang='lat' dir='ltr'><strong>Galliis</strong></span> <span class='ocrx_word' id='word_1_68' title='bbox 1364 1629 1520 1729; x_wconf 87' lang='lat' dir='ltr'><strong>potiores</strong></span> 
     </span>
     <span class='ocr_line' id='line_1_10' title="bbox 450 1746 1520 1846; baseline 0.003 -33"><span class='ocrx_word' id='word_1_69' title='bbox 450 1777 467 1812; x_wconf 93' lang='lat'>«</span> <span class='ocrx_word' id='word_1_70' title='bbox 486 1762 586 1836; x_wconf 92' lang='lat' dir='ltr'><strong>sunt,</strong></span> <span class='ocrx_word' id='word_1_71' title='bbox 607 1746 679 1818; x_wconf 92' lang='lat' dir='ltr'><strong>huc</strong></span> <span class='ocrx_word' id='word_1_72' title='bbox 693 1773 758 1846; x_wconf 91' lang='lat' dir='ltr'><strong>per</strong></span> <span class='ocrx_word' id='word_1_73' title='bbox 778 1747 894 1819; x_wconf 93' lang='lat' dir='ltr'><strong>undas</strong></span> <span class='ocrx_word' id='word_1_74' title='bbox 913 1749 1026 1846; x_wconf 90' lang='lat' dir='ltr'><strong>ignoti</strong></span> <span class='ocrx_word' id='word_1_75' title='bbox 1044 1748 1150 1818; x_wconf 90' lang='lat' dir='ltr'><strong>maris</strong></span> <span class='ocrx_word' id='word_1_76' title='bbox 1168 1746 1376 1820; x_wconf 88' lang='lat' dir='ltr'><strong>devenimus</strong></span> <span class='ocrx_word' id='word_1_77' title='bbox 1395 1775 1402 1816; x_wconf 92' lang='lat'><strong>:</strong></span> <span class='ocrx_word' id='word_1_78' title='bbox 1425 1751 1520 1818; x_wconf 83' lang='lat' dir='ltr'><strong>tanta</strong></span> 
     </span>
     <span class='ocr_line' id='line_1_11' title="bbox 449 1863 1518 1961; baseline 0.007 -34"><span class='ocrx_word' id='word_1_79' title='bbox 449 1893 467 1928; x_wconf 78' lang='lat' dir='ltr'><strong>u</strong></span> <span class='ocrx_word' id='word_1_80' title='bbox 484 1879 537 1934; x_wconf 89' lang='lat' dir='ltr'><strong>est</strong></span> <span class='ocrx_word' id='word_1_81' title='bbox 554 1865 717 1936; x_wconf 90' lang='lat' dir='ltr'><strong>omnium</strong></span> <span class='ocrx_word' id='word_1_82' title='bbox 734 1864 916 1956; x_wconf 87' lang='lat' dir='ltr'><strong>voluntas,</strong></span> <span class='ocrx_word' id='word_1_83' title='bbox 939 1867 1173 1961; x_wconf 91' lang='lat' dir='ltr'><strong>omniumque</strong></span> <span class='ocrx_word' id='word_1_84' title='bbox 1196 1887 1401 1936; x_wconf 87' lang='lat' dir='ltr'><strong>consensus.</strong></span> <span class='ocrx_word' id='word_1_85' title='bbox 1424 1863 1518 1934; x_wconf 86' lang='lat' dir='ltr'><strong>Divae</strong></span> 
     </span>
     <span class='ocr_line' id='line_1_12' title="bbox 449 1979 1518 2070; baseline 0.004 -24"><span class='ocrx_word' id='word_1_86' title='bbox 449 2011 466 2046; x_wconf 75' lang='lat' dir='ltr'><strong>u</strong></span> <span class='ocrx_word' id='word_1_87' title='bbox 484 1981 692 2054; x_wconf 84' lang='lat' dir='ltr'><strong>memoriae²</strong></span> <span class='ocrx_word' id='word_1_88' title='bbox 715 1980 869 2053; x_wconf 84' lang='lat' dir='ltr'><strong>Rodulfo</strong></span> <span class='ocrx_word' id='word_1_89' title='bbox 887 1980 965 2053; x_wconf 92' lang='lat' dir='ltr'><strong>orbi</strong></span> <span class='ocrx_word' id='word_1_90' title='bbox 983 1980 1181 2070; x_wconf 88' lang='lat' dir='ltr'><strong>subtracto,</strong></span> <span class='ocrx_word' id='word_1_91' title='bbox 1207 1979 1279 2058; x_wconf 79' lang='lat' dir='ltr'><strong>dux</strong></span> <span class='ocrx_word' id='word_1_92' title='bbox 1299 1979 1518 2050; x_wconf 89' lang='lat' dir='ltr'><strong>Ludovicum</strong></span> 
     </span>
     <span class='ocr_line' id='line_1_13' title="bbox 449 2093 1521 2196; baseline 0 -32"><span class='ocrx_word' id='word_1_93' title='bbox 449 2098 673 2169; x_wconf 75' lang='lat' dir='ltr'><strong>«succedere</strong></span> <span class='ocrx_word' id='word_1_94' title='bbox 693 2099 915 2196; x_wconf 81' lang='lat' dir='ltr'><strong>procuravit,</strong></span> <span class='ocrx_word' id='word_1_95' title='bbox 941 2123 1024 2169; x_wconf 90' lang='lat' dir='ltr'><strong>curn</strong></span> <span class='ocrx_word' id='word_1_96' title='bbox 1044 2096 1081 2168; x_wconf 96' lang='lat' dir='ltr'><strong>id</strong></span> <span class='ocrx_word' id='word_1_97' title='bbox 1102 2095 1204 2167; x_wconf 91' lang='lat' dir='ltr'><strong>multi</strong></span> <span class='ocrx_word' id='word_1_98' title='bbox 1226 2096 1325 2166; x_wconf 86' lang='lat' dir='ltr'><strong>inviti</strong></span> <span class='ocrx_word' id='word_1_99' title='bbox 1347 2093 1521 2166; x_wconf 85' lang='lat' dir='ltr'><strong>concede·</strong></span> 
     </span>
     <span class='ocr_line' id='line_1_14' title="bbox 448 2211 1518 2313; baseline 0.004 -35"><span class='ocrx_word' id='word_1_100' title='bbox 448 2242 466 2278; x_wconf 72' lang='grc' dir='ltr'>α</span> <span class='ocrx_word' id='word_1_101' title='bbox 483 2228 563 2284; x_wconf 87' lang='lat' dir='ltr'><strong>rent</strong></span> <span class='ocrx_word' id='word_1_102' title='bbox 579 2238 623 2284; x_wconf 88' lang='lat' dir='ltr'><strong>eo</strong></span> <span class='ocrx_word' id='word_1_103' title='bbox 642 2214 742 2310; x_wconf 92' lang='lat' dir='ltr'><strong>quod</strong></span> <span class='ocrx_word' id='word_1_104' title='bbox 760 2213 806 2284; x_wconf 90' lang='lat' dir='ltr'><strong>de</strong></span> <span class='ocrx_word' id='word_1_105' title='bbox 823 2215 933 2313; x_wconf 84' lang='lat' dir='ltr'><strong>patris</strong></span> <span class='ocrx_word' id='word_1_106' title='bbox 951 2215 1117 2313; x_wconf 87' lang='lat' dir='ltr'><strong>captione</strong></span> <span class='ocrx_word' id='word_1_107' title='bbox 1138 2212 1252 2283; x_wconf 86' lang='lat' dir='ltr'><strong>lilium</strong></span> <span class='ocrx_word' id='word_1_108' title='bbox 1270 2211 1360 2284; x_wconf 87' lang='lat' dir='ltr'><strong>adeo</strong></span> <span class='ocrx_word' id='word_1_109' title='bbox 1379 2235 1518 2309; x_wconf 87' lang='lat' dir='ltr'><strong>suspec-</strong></span> 
     </span>
     <span class='ocr_line' id='line_1_15' title="bbox 448 2327 1519 2401; baseline 0.006 -9"><span class='ocrx_word' id='word_1_110' title='bbox 448 2357 464 2393; x_wconf 82' lang='lat'>«</span> <span class='ocrx_word' id='word_1_111' title='bbox 483 2343 559 2398; x_wconf 91' lang='lat' dir='ltr'><strong>tum</strong></span> <span class='ocrx_word' id='word_1_112' title='bbox 580 2327 763 2400; x_wconf 84' lang='lat' dir='ltr'><strong>haberent.</strong></span> <span class='ocrx_word' id='word_1_113' title='bbox 787 2334 948 2401; x_wconf 80' lang='lat' dir='ltr'><strong>Attamen</strong></span> <span class='ocrx_word' id='word_1_114' title='bbox 971 2328 1054 2400; x_wconf 92' lang='lat' dir='ltr'><strong>duci</strong></span> <span class='ocrx_word' id='word_1_115' title='bbox 1076 2327 1273 2401; x_wconf 88' lang='lat' dir='ltr'><strong>elaboranti</strong></span> <span class='ocrx_word' id='word_1_116' title='bbox 1294 2327 1332 2399; x_wconf 93' lang='lat' dir='ltr'><strong>id</strong></span> <span class='ocrx_word' id='word_1_117' title='bbox 1345 2327 1391 2399; x_wconf 83' lang='lat' dir='ltr'><strong>ab</strong></span> <span class='ocrx_word' id='word_1_118' title='bbox 1405 2328 1519 2398; x_wconf 86' lang='lat' dir='ltr'><strong>omni·</strong></span> 
     </span>
     <span class='ocr_line' id='line_1_16' title="bbox 447 2444 1519 2542; baseline 0.006 -33"><span class='ocrx_word' id='word_1_119' title='bbox 447 2474 464 2510; x_wconf 77' lang='lat' dir='ltr'><strong>u</strong></span> <span class='ocrx_word' id='word_1_120' title='bbox 481 2444 549 2515; x_wconf 89' lang='lat' dir='ltr'><strong>bus</strong></span> <span class='ocrx_word' id='word_1_121' title='bbox 577 2444 835 2542; x_wconf 87' lang='lat' dir='ltr'><strong>jocundissime</strong></span> <span class='ocrx_word' id='word_1_122' title='bbox 873 2471 1082 2518; x_wconf 88' lang='lat' dir='ltr'><strong>concessum</strong></span> <span class='ocrx_word' id='word_1_123' title='bbox 1121 2460 1185 2517; x_wconf 90' lang='lat' dir='ltr'><strong>est.</strong></span> <span class='ocrx_word' id='word_1_124' title='bbox 1221 2445 1403 2517; x_wconf 89' lang='lat' dir='ltr'><strong>Ludovico</strong></span> <span class='ocrx_word' id='word_1_125' title='bbox 1435 2470 1519 2542; x_wconf 89' lang='lat' dir='ltr'><strong>ergo</strong></span> 
     </span>
     <span class='ocr_line' id='line_1_17' title="bbox 446 2560 1519 2661; baseline 0.003 -34"><span class='ocrx_word' id='word_1_126' title='bbox 446 2592 464 2626; x_wconf 76' lang='lat' dir='ltr'><strong>u</strong></span> <span class='ocrx_word' id='word_1_127' title='bbox 481 2585 607 2632; x_wconf 89' lang='lat' dir='ltr'><strong>onmes</strong></span> <span class='ocrx_word' id='word_1_128' title='bbox 639 2561 732 2633; x_wconf 91' lang='lat' dir='ltr'><strong>bene</strong></span> <span class='ocrx_word' id='word_1_129' title='bbox 753 2587 818 2661; x_wconf 91' lang='lat' dir='ltr'><strong>per</strong></span> <span class='ocrx_word' id='word_1_130' title='bbox 836 2563 959 2633; x_wconf 92' lang='lat' dir='ltr'><strong>omnia</strong></span> <span class='ocrx_word' id='word_1_131' title='bbox 988 2575 1133 2660; x_wconf 75' lang='lat' dir='ltr'><strong>optant,</strong></span> <span class='ocrx_word' id='word_1_132' title='bbox 1159 2586 1225 2632; x_wconf 90' lang='lat' dir='ltr'><strong>nec</strong></span> <span class='ocrx_word' id='word_1_133' title='bbox 1243 2560 1310 2633; x_wconf 91' lang='lat' dir='ltr'><strong>sibi</strong></span> <span class='ocrx_word' id='word_1_134' title='bbox 1327 2562 1519 2658; x_wconf 86' lang='lat' dir='ltr'><strong>quicquam·</strong></span> 
     </span>
     <span class='ocr_line' id='line_1_18' title="bbox 446 2677 1517 2775; baseline 0.004 -32"><span class='ocrx_word' id='word_1_135' title='bbox 446 2679 594 2772; x_wconf 84' lang='lat' dir='ltr'><strong>«majus</strong></span> <span class='ocrx_word' id='word_1_136' title='bbox 616 2694 677 2750; x_wconf 90' lang='lat' dir='ltr'><strong>aut</strong></span> <span class='ocrx_word' id='word_1_137' title='bbox 695 2679 811 2750; x_wconf 85' lang='lat' dir='ltr'><strong>carius</strong></span> <span class='ocrx_word' id='word_1_138' title='bbox 828 2694 882 2751; x_wconf 91' lang='lat' dir='ltr'><strong>est</strong></span> <span class='ocrx_word' id='word_1_139' title='bbox 900 2679 975 2775; x_wconf 92' lang='lat' dir='ltr'><strong>ejus</strong></span> <span class='ocrx_word' id='word_1_140' title='bbox 994 2677 1117 2750; x_wconf 90' lang='lat' dir='ltr'><strong>salute.</strong></span> <span class='ocrx_word' id='word_1_141' title='bbox 1140 2679 1243 2749; x_wconf 90' lang='lat' dir='ltr'><strong>lllum</strong></span> <span class='ocrx_word' id='word_1_142' title='bbox 1261 2679 1380 2774; x_wconf 87' lang='lat' dir='ltr'><strong>itaque</strong></span> <span class='ocrx_word' id='word_1_143' title='bbox 1393 2701 1517 2748; x_wconf 77' lang='lat' dir='ltr'><strong>omnes</strong></span> 
     </span>
     <span class='ocr_line' id='line_1_19' title="bbox 446 2789 1512 2893; baseline 0.003 -33"><span class='ocrx_word' id='word_1_144' title='bbox 446 2797 464 2860; x_wconf 77' lang='lat' dir='ltr'><strong>l&lt;</strong></span> <span class='ocrx_word' id='word_1_145' title='bbox 481 2792 582 2864; x_wconf 90' lang='lat' dir='ltr'><strong>reddi</strong></span> <span class='ocrx_word' id='word_1_146' title='bbox 595 2810 737 2893; x_wconf 91' lang='lat' dir='ltr'><strong>petunt,</strong></span> <span class='ocrx_word' id='word_1_147' title='bbox 751 2789 860 2892; x_wconf 86' lang='lat' dir='ltr'><strong>quem</strong></span> <span class='ocrx_word' id='word_1_148' title='bbox 871 2796 910 2866; x_wconf 89' lang='lat' dir='ltr'><strong>in</strong></span> <span class='ocrx_word' id='word_1_149' title='bbox 918 2795 1039 2867; x_wconf 87' lang='lat' dir='ltr'><strong>Galliis</strong></span> <span class='ocrx_word' id='word_1_150' title='bbox 1053 2796 1183 2867; x_wconf 90' lang='lat' dir='ltr'><strong>utiliter</strong></span> <span class='ocrx_word' id='word_1_151' title='bbox 1196 2811 1342 2892; x_wconf 83' lang='lat' dir='ltr'><strong>regnate</strong></span> <span class='ocrx_word' id='word_1_152' title='bbox 1354 2794 1512 2892; x_wconf 89' lang='lat' dir='ltr'><strong>cupiunt.</strong></span> 
     </span>
     <span class='ocr_line' id='line_1_20' title="bbox 446 2910 1515 3010; baseline 0.003 -33"><span class='ocrx_word' id='word_1_153' title='bbox 446 2938 463 2977; x_wconf 74' lang='lat' dir='ltr'><strong>c</strong></span> <span class='ocrx_word' id='word_1_154' title='bbox 479 2913 633 3008; x_wconf 84' lang='lat' dir='ltr'><strong>Tempus</strong></span> <span class='ocrx_word' id='word_1_155' title='bbox 651 2912 819 2982; x_wconf 90' lang='lat' dir='ltr'><strong>constitui</strong></span> <span class='ocrx_word' id='word_1_156' title='bbox 836 2911 979 3000; x_wconf 91' lang='lat' dir='ltr'><strong>volunt,</strong></span> <span class='ocrx_word' id='word_1_157' title='bbox 1002 2937 1075 3010; x_wconf 91' lang='lat' dir='ltr'><strong>quo</strong></span> <span class='ocrx_word' id='word_1_158' title='bbox 1095 2926 1284 3010; x_wconf 91' lang='lat' dir='ltr'><strong>regnaturo</strong></span> <span class='ocrx_word' id='word_1_159' title='bbox 1298 2910 1344 2981; x_wconf 92' lang='lat' dir='ltr'><strong>ad</strong></span> <span class='ocrx_word' id='word_1_160' title='bbox 1356 2912 1433 3010; x_wconf 89' lang='lat' dir='ltr'><strong>ipsa</strong></span> <span class='ocrx_word' id='word_1_161' title='bbox 1447 2934 1515 2980; x_wconf 89' lang='lat' dir='ltr'><strong>ma·</strong></span> 
     </span>
     <span class='ocr_line' id='line_1_21' title="bbox 447 3026 1514 3128; baseline 0.005 -35"><span class='ocrx_word' id='word_1_162' title='bbox 447 3056 464 3092; x_wconf 77' lang='lat' dir='ltr'><strong>u</strong></span> <span class='ocrx_word' id='word_1_163' title='bbox 481 3026 529 3097; x_wconf 90' lang='lat' dir='ltr'><strong>ris</strong></span> <span class='ocrx_word' id='word_1_164' title='bbox 547 3026 651 3097; x_wconf 90' lang='lat' dir='ltr'><strong>litora</strong></span> <span class='ocrx_word' id='word_1_165' title='bbox 668 3027 741 3097; x_wconf 85' lang='lat' dir='ltr'><strong>dux</strong></span> <span class='ocrx_word' id='word_1_166' title='bbox 758 3051 842 3098; x_wconf 91' lang='lat' dir='ltr'><strong>curn</strong></span> <span class='ocrx_word' id='word_1_167' title='bbox 859 3028 1079 3128; x_wconf 89' lang='lat' dir='ltr'><strong>principibus</strong></span> <span class='ocrx_word' id='word_1_168' title='bbox 1087 3043 1260 3100; x_wconf 87' lang='lat' dir='ltr'><strong>occurrat.</strong></span> <span class='ocrx_word' id='word_1_169' title='bbox 1273 3058 1291 3094; x_wconf 88' lang='lat'>»</span> <span class='ocrx_word' id='word_1_170' title='bbox 1309 3027 1514 3100; x_wconf 68' lang='lat' dir='ltr'><strong>adelstanus</strong></span> 
     </span>
     <span class='ocr_line' id='line_1_22' title="bbox 446 3143 1514 3244; baseline 0.002 -32"><span class='ocrx_word' id='word_1_171' title='bbox 446 3168 519 3232; x_wconf 84' lang='lat' dir='ltr'><strong>rex,</strong></span> <span class='ocrx_word' id='word_1_172' title='bbox 545 3143 616 3213; x_wconf 91' lang='lat' dir='ltr'><strong>acsi</strong></span> <span class='ocrx_word' id='word_1_173' title='bbox 637 3143 795 3215; x_wconf 91' lang='lat' dir='ltr'><strong>barbaris</strong></span> <span class='ocrx_word' id='word_1_174' title='bbox 808 3169 882 3214; x_wconf 93' lang='lat' dir='ltr'><strong>non</strong></span> <span class='ocrx_word' id='word_1_175' title='bbox 897 3146 980 3216; x_wconf 89' lang='lat' dir='ltr'><strong>satis</strong></span> <span class='ocrx_word' id='word_1_176' title='bbox 998 3145 1167 3237; x_wconf 90' lang='lat' dir='ltr'><strong>credens,</strong></span> <span class='ocrx_word' id='word_1_177' title='bbox 1189 3145 1234 3217; x_wconf 89' lang='lat' dir='ltr'><strong>ab</strong></span> <span class='ocrx_word' id='word_1_178' title='bbox 1255 3147 1305 3218; x_wconf 90' lang='lat' dir='ltr'><strong>eis</strong></span> <span class='ocrx_word' id='word_1_179' title='bbox 1324 3143 1434 3218; x_wconf 85' lang='lat' dir='ltr'><strong>fidem</strong></span> <span class='ocrx_word' id='word_1_180' title='bbox 1453 3169 1514 3244; x_wconf 83' lang='lat' dir='ltr'><strong>per</strong></span> 
     </span>
     <span class='ocr_line' id='line_1_23' title="bbox 444 3259 1509 3359; baseline 0.005 -32"><span class='ocrx_word' id='word_1_181' title='bbox 444 3273 663 3329; x_wconf 86' lang='lat' dir='ltr'><strong>sacramenta</strong></span> <span class='ocrx_word' id='word_1_182' title='bbox 691 3285 798 3358; x_wconf 87' lang='lat' dir='ltr'><strong>super</strong></span> <span class='ocrx_word' id='word_1_183' title='bbox 818 3259 889 3329; x_wconf 91' lang='lat' dir='ltr'><strong>hoc</strong></span> <span class='ocrx_word' id='word_1_184' title='bbox 914 3263 1059 3357; x_wconf 84' lang='lat' dir='ltr'><strong>quaerit,</strong></span> <span class='ocrx_word' id='word_1_185' title='bbox 1092 3278 1127 3334; x_wconf 93' lang='lat' dir='ltr'><strong>et</strong></span> <span class='ocrx_word' id='word_1_186' title='bbox 1153 3261 1199 3333; x_wconf 89' lang='lat' dir='ltr'><strong>ad</strong></span> <span class='ocrx_word' id='word_1_187' title='bbox 1221 3278 1345 3334; x_wconf 90' lang='lat' dir='ltr'><strong>votum</strong></span> <span class='ocrx_word' id='word_1_188' title='bbox 1363 3261 1509 3359; x_wconf 88' lang='lat' dir='ltr'><strong>accipit;</strong></span> 
     </span>
     <span class='ocr_line' id='line_1_24' title="bbox 444 3375 1519 3473; baseline 0.004 -30"><span class='ocrx_word' id='word_1_189' title='bbox 444 3388 584 3472; x_wconf 90' lang='lat' dir='ltr'><strong>tempus</strong></span> <span class='ocrx_word' id='word_1_190' title='bbox 608 3398 752 3470; x_wconf 91' lang='lat' dir='ltr'><strong>quoque</strong></span> <span class='ocrx_word' id='word_1_191' title='bbox 772 3375 941 3472; x_wconf 90' lang='lat' dir='ltr'><strong>colloquii</strong></span> <span class='ocrx_word' id='word_1_192' title='bbox 961 3375 1117 3448; x_wconf 90' lang='lat' dir='ltr'><strong>habendi</strong></span> <span class='ocrx_word' id='word_1_193' title='bbox 1136 3379 1309 3448; x_wconf 86' lang='lat' dir='ltr'><strong>statuitur.</strong></span> <span class='ocrx_word' id='word_1_194' title='bbox 1332 3376 1450 3473; x_wconf 79' lang='lat' dir='ltr'><strong>legati</strong></span> <span class='ocrx_word' id='word_1_195' title='bbox 1471 3375 1519 3447; x_wconf 89' lang='lat' dir='ltr'><strong>ab·</strong></span> 
     </span>
     <span class='ocr_line' id='line_1_25' title="bbox 444 3484 1585 3590; baseline 0.005 -31"><span class='ocrx_word' id='word_1_196' title='bbox 444 3515 525 3586; x_wconf 89' lang='lat' dir='ltr'><strong>rege</strong></span> <span class='ocrx_word' id='word_1_197' title='bbox 546 3490 722 3562; x_wconf 89' lang='lat' dir='ltr'><strong>munerati</strong></span> <span class='ocrx_word' id='word_1_198' title='bbox 739 3506 845 3588; x_wconf 91' lang='lat' dir='ltr'><strong>atque</strong></span> <span class='ocrx_word' id='word_1_199' title='bbox 867 3492 1031 3590; x_wconf 83' lang='lat' dir='ltr'><strong>digressi,</strong></span> <span class='ocrx_word' id='word_1_200' title='bbox 1048 3494 1083 3564; x_wconf 95' lang='lat' dir='ltr'><strong>in</strong></span> <span class='ocrx_word' id='word_1_201' title='bbox 1097 3493 1226 3573; x_wconf 84' lang='lat' dir='ltr'><strong>Gallias</strong></span> <span class='ocrx_word' id='word_1_202' title='bbox 1244 3494 1332 3564; x_wconf 89' lang='lat' dir='ltr'><strong>mari</strong></span> <span class='ocrx_word' id='word_1_203' title='bbox 1350 3517 1512 3565; x_wconf 85' lang='lat' dir='ltr'><strong>remenso</strong></span> <span class='ocrx_word' id='word_1_204' title='bbox 1581 3484 1585 3492; x_wconf 46' lang='lat'><strong>⁴</strong></span> 
     </span>
     <span class='ocr_line' id='line_1_26' title="bbox 444 3606 1517 3709; baseline 0.004 -33"><span class='ocrx_word' id='word_1_205' title='bbox 444 3607 611 3694; x_wconf 82' lang='lat' dir='ltr'><strong>redeunt,</strong></span> <span class='ocrx_word' id='word_1_206' title='bbox 626 3606 672 3678; x_wconf 88' lang='lat' dir='ltr'><strong>ab</strong></span> <span class='ocrx_word' id='word_1_207' title='bbox 691 3631 772 3704; x_wconf 90' lang='lat' dir='ltr'><strong>rege</strong></span> <span class='ocrx_word' id='word_1_208' title='bbox 793 3610 926 3705; x_wconf 86' lang='lat' dir='ltr'><strong>gracias</strong></span> <span class='ocrx_word' id='word_1_209' title='bbox 949 3608 1031 3681; x_wconf 92' lang='lat' dir='ltr'><strong>duci</strong></span> <span class='ocrx_word' id='word_1_210' title='bbox 1054 3611 1264 3700; x_wconf 70' lang='lat' dir='ltr'><strong>referenteS,</strong></span> <span class='ocrx_word' id='word_1_211' title='bbox 1283 3635 1324 3682; x_wconf 90' lang='lat' dir='ltr'><strong>ac</strong></span> <span class='ocrx_word' id='word_1_212' title='bbox 1341 3636 1409 3709; x_wconf 93' lang='lat' dir='ltr'><strong>pro</strong></span> <span class='ocrx_word' id='word_1_213' title='bbox 1426 3611 1517 3706; x_wconf 87' lang='lat' dir='ltr'><strong>regis.</strong></span> 
     </span>
     <span class='ocr_line' id='line_1_27' title="bbox 443 3723 1508 3826; baseline 0.004 -32"><span class='ocrx_word' id='word_1_214' title='bbox 443 3723 589 3795; x_wconf 87' lang='lat' dir='ltr'><strong>creandi</strong></span> <span class='ocrx_word' id='word_1_215' title='bbox 599 3724 835 3796; x_wconf 87' lang='lat' dir='ltr'><strong>advocatione</strong></span> <span class='ocrx_word' id='word_1_216' title='bbox 845 3726 995 3798; x_wconf 91' lang='lat' dir='ltr'><strong>multam</strong></span> <span class='ocrx_word' id='word_1_217' title='bbox 1007 3728 1082 3823; x_wconf 89' lang='lat' dir='ltr'><strong>ejus</strong></span> <span class='ocrx_word' id='word_1_218' title='bbox 1093 3727 1282 3798; x_wconf 90' lang='lat' dir='ltr'><strong>amicitiam</strong></span> <span class='ocrx_word' id='word_1_219' title='bbox 1293 3726 1508 3826; x_wconf 84' lang='lat' dir='ltr'><strong>pollicentes.</strong></span> 
     </span>
     <span class='ocr_line' id='line_1_28' title="bbox 443 3840 1512 3942; baseline 0.007 -34"><span class='ocrx_word' id='word_1_220' title='bbox 443 3843 523 3910; x_wconf 81' lang='lat' dir='ltr'><strong>Dux</strong></span> <span class='ocrx_word' id='word_1_221' title='bbox 535 3840 654 3938; x_wconf 85' lang='lat' dir='ltr'><strong>itaque</strong></span> <span class='ocrx_word' id='word_1_222' title='bbox 665 3867 748 3913; x_wconf 91' lang='lat' dir='ltr'><strong>cum</strong></span> <span class='ocrx_word' id='word_1_223' title='bbox 759 3843 954 3915; x_wconf 86' lang='lat' dir='ltr'><strong>Galliarum</strong></span> <span class='ocrx_word' id='word_1_224' title='bbox 966 3843 1185 3942; x_wconf 90' lang='lat' dir='ltr'><strong>principibus</strong></span> <span class='ocrx_word' id='word_1_225' title='bbox 1203 3844 1378 3917; x_wconf 89' lang='lat' dir='ltr'><strong>domnum</strong></span> <span class='ocrx_word' id='word_1_226' title='bbox 1397 3870 1512 3940; x_wconf 88' lang='lat' dir='ltr'><strong>regem</strong></span> 
     </span>
     <span class='ocr_line' id='line_1_29' title="bbox 443 3959 1511 4060; baseline 0.004 -33"><span class='ocrx_word' id='word_1_227' title='bbox 443 3959 644 4056; x_wconf 79' lang='lat' dir='ltr'><strong>excepturi,</strong></span> <span class='ocrx_word' id='word_1_228' title='bbox 673 3961 869 4032; x_wconf 90' lang='lat' dir='ltr'><strong>Bononiam</strong></span> <span class='ocrx_word' id='word_1_229' title='bbox 894 3963 1055 4048; x_wconf 87' lang='lat' dir='ltr'><strong>veniunt,</strong></span> <span class='ocrx_word' id='word_1_230' title='bbox 1077 3987 1117 4032; x_wconf 91' lang='lat' dir='ltr'><strong>ac</strong></span> <span class='ocrx_word' id='word_1_231' title='bbox 1138 3987 1237 4033; x_wconf 87' lang='lat' dir='ltr'><strong>secus</strong></span> <span class='ocrx_word' id='word_1_232' title='bbox 1260 3964 1351 4060; x_wconf 90' lang='lat' dir='ltr'><strong>ipsas</strong></span> <span class='ocrx_word' id='word_1_233' title='bbox 1375 3961 1511 4033; x_wconf 90' lang='lat' dir='ltr'><strong>litoreas</strong></span> 
     </span>
    </p>
   </div>
   <div class='ocr_carea' id='block_1_5' title="bbox 479 4151 1030 4371">
    <p class='ocr_par' dir='ltr' id='par_1_5' title="bbox 479 4151 1030 4371">
     <span class='ocr_line' id='line_1_30' title="bbox 482 4151 1030 4224; baseline 0.009 -25"><span class='ocrx_word' id='word_1_234' title='bbox 482 4159 492 4177; x_wconf 82' lang='grc'><strong>’</strong></span> <span class='ocrx_word' id='word_1_235' title='bbox 515 4151 556 4214; x_wconf 91' lang='lat' dir='ltr'><strong>io,</strong></span> <span class='ocrx_word' id='word_1_236' title='bbox 573 4169 647 4214; x_wconf 86' lang='lat' dir='ltr'><strong>rum,</strong></span> <span class='ocrx_word' id='word_1_237' title='bbox 664 4169 759 4216; x_wconf 84' lang='lat' dir='ltr'><strong>anum,</strong></span> <span class='ocrx_word' id='word_1_238' title='bbox 775 4151 869 4205; x_wconf 76' lang='lat' dir='ltr'><strong>dorico</strong></span> <span class='ocrx_word' id='word_1_239' title='bbox 885 4176 913 4204; x_wconf 85' lang='lat' dir='ltr'><strong>rr</strong></span> <span class='ocrx_word' id='word_1_240' title='bbox 930 4159 1030 4224; x_wconf 79' lang='lat' dir='ltr'><strong>roujcrt.</strong></span> 
     </span>
     <span class='ocr_line' id='line_1_31' title="bbox 481 4235 697 4286; baseline 0.014 -4"><span class='ocrx_word' id='word_1_241' title='bbox 481 4235 487 4262; x_wconf 87' lang='lat'><strong>¹</strong></span> <span class='ocrx_word' id='word_1_242' title='bbox 509 4235 619 4286; x_wconf 79' lang='lat' dir='ltr'><strong>salutant</strong></span> <span class='ocrx_word' id='word_1_243' title='bbox 632 4254 697 4285; x_wconf 74' lang='lat' dir='ltr'><strong>corr.</strong></span> 
     </span>
     <span class='ocr_line' id='line_1_32' title="bbox 479 4320 704 4371; baseline 0.013 -3"><span class='ocrx_word' id='word_1_244' title='bbox 479 4320 490 4348; x_wconf 74' lang='lat'>²</span> <span class='ocrx_word' id='word_1_245' title='bbox 512 4320 542 4368; x_wconf 84' lang='lat' dir='ltr'><strong>l).</strong></span> <span class='ocrx_word' id='word_1_246' title='bbox 562 4321 599 4370; x_wconf 84' lang='lat' dir='ltr'><strong>M.</strong></span> <span class='ocrx_word' id='word_1_247' title='bbox 618 4320 704 4371; x_wconf 67' lang='lat' dir='ltr'><strong>codor.</strong></span> 
     </span>
    </p>
   </div>
   <div class='ocr_carea' id='block_1_6' title="bbox 0 0 1714 5392">
    <p class='ocr_par' dir='ltr' id='par_1_6' title="bbox 0 0 1714 5392">
     <span class='ocr_line' id='line_1_33' title="bbox 0 0 1714 5392; baseline 0 5"><span class='ocrx_word' id='word_1_248' title='bbox 0 0 1714 5392; x_wconf 95' lang='lat' dir='ltr'><strong> </strong></span> 
     </span>
    </p>
   </div>
  </div>
 </body>
</html>
