3417 5392
485 560 521 615 ts
862 555 1028 614 BICHERI
1051 556 1124 618 tiu.
1148 557 1174 616 1.

480 679 642 779 repulsis,
663 679 773 750 fames
784 677 903 750 valida
913 677 1101 750 subsecuta
1114 692 1184 765 est,
1198 702 1281 748 cum
1296 685 1448 754 triennio
1462 702 1550 762 term

480 796 612 870 inculta
634 795 855 896 remanserit.
887 799 965 866 Jarn
986 796 1083 867 enim
1101 818 1268 900 mensura
1286 795 1454 871 frumenti
1476 825 1552 897 qua

479 913 635 986 sedecies
645 913 753 984 ducta
763 910 927 982 modium
940 909 1059 1000 efficit,
1074 907 1199 991 decem
1211 910 1549 1009 dragmis-veniebat,

479 1030 677 1129 gallinatius
698 1053 847 1124 quoque
862 1042 1017 1125 quatuor
1033 1026 1205 1123 dragmis3
1233 1027 1310 1098 ovis
1331 1053 1417 1098 vero
1441 1026 1553 1100 tribus

478 1148 608 1237 unciis,
622 1161 729 1243 atque
737 1169 857 1234 vacca,
872 1145 954 1215 iabo
967 1143 1166 1215 tollebatur.
1175 1143 1257 1214 Vini
1266 1141 1363 1214 nulla
1373 1146 1551 1242 coemptio

478 1279 566 1354 erat,
587 1289 671 1335 cum
683 1263 810 1334 vinetis
822 1261 956 1359 ubique
967 1259 1122 1352 succisis,
1139 1261 1197 1334 vix
1210 1261 1286 1357 ejus
1299 1260 1433 1360 aliquid
1445 1259 1552 1334 habe·

477 1381 593 1453 batur.
621 1384 694 1451 Rex
715 1380 850 1450 interea
872 1377 937 1478 per
951 1377 1031 1449 loca
1045 1379 1073 1468 ⁴,
1098 1403 1177 1474 quae
1191 1377 1314 1476 piratis
1338 1377 1551 1450 irruentibus

477 1497 614 1570 aditum
627 1494 849 1595 praebebant,
871 1493 1087 1565 munitiones
1101 1496 1260 1588 exstruit,
1282 1519 1324 1566 ac
1341 1496 1377 1566 in
1398 1495 1449 1566 eis
1466 1495 1552 1566 mili-

477 1631 555 1688 tum
565 1614 687 1712 copias
697 1613 811 1711 ponit.
827 1615 906 1710 Ipse
917 1636 1002 1682 cum
1014 1612 1168 1682 exercitu
1182 1611 1218 1680 in
1233 1611 1425 1707 Aquitaniae
1435 1627 1551 1710 partes

476 1730 660 1820 secedens,
674 1753 749 1800 non
764 1743 846 1800 ante
865 1753 902 1799 se
920 1725 1119 1798 rediturum
1136 1751 1357 1826 proponens,
1374 1751 1482 1823 quam
1496 1753 1552 1800 su·

476 1847 636 1948 predicta
660 1844 772 1917 modii
796 1845 1017 1917 frumentarii
1041 1869 1219 1934 mensura,
1244 1843 1384 1915 duabus
1398 1843 1551 1940 dragmis

442 2049 446 2055 p
476 1966 629 2055 veniret,
655 1961 853 2061 gallinatitts
873 1986 957 2032 vero
986 1959 1154 2050 denario,
1180 1976 1286 2058 atque
1313 1962 1391 2032 ovis
1413 1959 1551 2034 duabus

477 2082 603 2154 itidem
627 2080 798 2178 dragmis,
828 2102 937 2150 vacca
960 2101 1047 2148 vero
1080 2075 1194 2148 tribus
1222 2076 1335 2150 unciis
1357 2075 1551 2148 venumda-

477 2213 587 2277 retur.

650 2863 701 2914 vt.
713 2891 751 2904 -
761 2861 862 2935 Pyram
873 2861 1046 2914 Brittanniam
1058 2861 1188 2932 impetunt
1200 2879 1230 2914 ac
1242 2861 1387 2916 dormant.

530 3009 668 3079 interea
680 3029 763 3102 rege
775 3003 873 3103 apud
886 3003 1012 3074 urbem
1024 3004 1181 3076 initium
1192 3029 1268 3075 rem
1282 3003 1463 3103 publicam
1473 3029 1553 3103 pro·

482 3138 646 3212 emente,
670 3134 803 3222 pyratae
823 3146 845 3192 a
862 3119 993 3192 finibus
1012 3122 1180 3193 Neustriae
1203 3119 1313 3220 pulsi,
1338 3145 1422 3192 eum
1439 3120 1486 3192 ad
1503 3122 1553 3191 in-

483 3241 613 3310 teriora
641 3238 835 3336 Aquitaniae
858 3237 1100 3309 concessisse²
1131 3236 1333 3309 dinoscunt.
1361 3237 1555 3310 Confluunt

482 3358 602 3455 itaque
620 3380 661 3428 ac
678 3356 826 3428 classem
843 3370 986 3453 parant,
1008 3369 1114 3451 atque
1137 3354 1369 3426 Brittanniam
1381 3353 1554 3452 repentini

484 3475 698 3573 irrumpunt.
716 3473 889 3543 Brittanni
900 3472 1087 3571 repentino
1099 3469 1333 3542 barbarorum
1344 3472 1480 3570 impetu
1491 3485 1555 3542 ter-

485 3591 555 3681 riti,
576 3587 799 3662 saevientibus
811 3587 956 3658 cedunt.
981 3589 1118 3685 Cuique
1141 3589 1251 3659 vitam
1264 3603 1402 3659 tautum
1424 3587 1555 3659 salvare

486 3709 569 3778 satis
589 3696 671 3796 fuit,
691 3729 812 3776 rerum
828 3728 975 3775 suarum
995 3706 1215 3804 ereptionem
1232 3729 1340 3776 nemo
1358 3705 1552 3804 quaerebat,

488 3825 534 3896 de
551 3825 624 3895 vita
636 3821 866 3894 solummodo
881 3822 1071 3920 agitabant.
1082 3825 1084 3830 ’
1095 3823 1198 3894 Unde
1217 3837 1252 3894 et
1266 3823 1338 3894 suis
1356 3823 1429 3894 fere
1447 3824 1557 3894 omni·

487 3939 556 4014 bus
573 3937 761 4028 derelictis,
777 3951 909 4037 pyratae
926 3938 1057 4037 passim
1073 3939 1275 4038 rapiuntur,
1296 3964 1445 4037 quaeque
1461 3965 1556 4012 com·

489 4059 599 4132 moda
616 4069 811 4156 asportant,
822 4081 869 4162 ¹oc
887 4081 971 4128 cum
982 4055 1092 4128 multa
1111 4081 1230 4130 rerum
1243 4057 1374 4156 praeda,
1391 4055 1491 4129 nullo
1509 4083 1557 4128 re·
