<?xml version="1.0" encoding="UTF-8"?>
<!DOCTYPE html PUBLIC "-//W3C//DTD XHTML 1.0 Transitional//EN"
    "http://www.w3.org/TR/xhtml1/DTD/xhtml1-transitional.dtd">
<html xmlns="http://www.w3.org/1999/xhtml" xml:lang="en" lang="en">
 <head>
  <title>
</title>
<meta http-equiv="Content-Type" content="text/html;charset=utf-8" />
  <meta name='ocr-system' content='tesseract 3.04.00' />
  <meta name='ocr-capabilities' content='ocr_page ocr_carea ocr_par ocr_line ocrx_word'/>
</head>
<body>
  <div class='ocr_page' id='page_1' title='image "./richerhistoired02parigoog_0375.png"; bbox 0 0 3417 5392; ppageno 0'>
   <div class='ocr_carea' id='block_1_1' title="bbox 399 538 1560 2046">
    <p class='ocr_par' dir='ltr' id='par_1_1' title="bbox 475 538 1178 616">
     <span class='ocr_line' id='line_1_1' title="bbox 475 538 1178 616; baseline 0.001 -12"><span class='ocrx_word' id='word_1_1' title='bbox 475 547 535 605; x_wconf 75' lang='lat'>252</span> <span class='ocrx_word' id='word_1_2' title='bbox 845 538 1013 603; x_wconf 77' lang='lat' dir='ltr'>Rlcnssltt</span> <span class='ocrx_word' id='word_1_3' title='bbox 1036 544 1112 616; x_wconf 65' lang='grc' dir='ltr'>ΗΒ.</span> <span class='ocrx_word' id='word_1_4' title='bbox 1137 543 1178 605; x_wconf 87' lang='lat' dir='ltr'>lt.</span> 
     </span>
    </p>

    <p class='ocr_par' dir='ltr' id='par_1_2' title="bbox 399 662 1560 2046">
     <span class='ocr_line' id='line_1_2' title="bbox 472 662 1558 763; baseline 0.006 -28"><span class='ocrx_word' id='word_1_5' title='bbox 472 662 641 735; x_wconf 87' lang='lat' dir='ltr'>immunis</span> <span class='ocrx_word' id='word_1_6' title='bbox 662 687 683 734; x_wconf 87' lang='lat' dir='ltr'>a</span> <span class='ocrx_word' id='word_1_7' title='bbox 711 662 861 735; x_wconf 86' lang='lat' dir='ltr'>crimine</span> <span class='ocrx_word' id='word_1_8' title='bbox 883 665 1070 763; x_wconf 80' lang='lat' dir='ltr'>reperitur.</span> <span class='ocrx_word' id='word_1_9' title='bbox 1104 663 1212 737; x_wconf 79' lang='lat' dir='ltr'>Affnit</span> <span class='ocrx_word' id='word_1_10' title='bbox 1242 689 1328 739; x_wconf 84' lang='lat' dir='ltr'>vero</span> <span class='ocrx_word' id='word_1_11' title='bbox 1353 668 1558 741; x_wconf 83' lang='lat' dir='ltr'>Transmari</span> 
     </span>
     <span class='ocr_line' id='line_1_3' title="bbox 473 785 1558 890; baseline 0.006 -34"><span class='ocrx_word' id='word_1_12' title='bbox 473 786 723 857; x_wconf 88' lang='lat' dir='ltr'>Noviomensis</span> <span class='ocrx_word' id='word_1_13' title='bbox 740 786 900 884; x_wconf 81' lang='lat' dir='ltr'>episeopi</span> <span class='ocrx_word' id='word_1_14' title='bbox 916 785 1071 883; x_wconf 88' lang='lat' dir='ltr'>legatus,</span> <span class='ocrx_word' id='word_1_15' title='bbox 1088 786 1256 859; x_wconf 82' lang='lat' dir='ltr'>Silvester</span> <span class='ocrx_word' id='word_1_16' title='bbox 1272 787 1460 887; x_wconf 81' lang='lat' dir='ltr'>presbiter,</span> <span class='ocrx_word' id='word_1_17' title='bbox 1481 792 1558 890; x_wconf 86' lang='lat' dir='ltr'>epi·</span> 
     </span>
     <span class='ocr_line' id='line_1_4' title="bbox 475 903 1557 1002; baseline 0.006 -28"><span class='ocrx_word' id='word_1_18' title='bbox 475 928 626 1002; x_wconf 91' lang='lat' dir='ltr'>scopum</span> <span class='ocrx_word' id='word_1_19' title='bbox 640 928 745 974; x_wconf 92' lang='lat' dir='ltr'>suum</span> <span class='ocrx_word' id='word_1_20' title='bbox 764 917 862 974; x_wconf 89' lang='lat' dir='ltr'>tanta</span> <span class='ocrx_word' id='word_1_21' title='bbox 885 904 921 973; x_wconf 90' lang='lat' dir='ltr'>vi</span> <span class='ocrx_word' id='word_1_22' title='bbox 942 904 1096 975; x_wconf 83' lang='lat' dir='ltr'>febrium</span> <span class='ocrx_word' id='word_1_23' title='bbox 1122 903 1308 977; x_wconf 86' lang='lat' dir='ltr'>detentum</span> <span class='ocrx_word' id='word_1_24' title='bbox 1321 930 1499 999; x_wconf 88' lang='lat' dir='ltr'>asserens,</span> <span class='ocrx_word' id='word_1_25' title='bbox 1517 923 1557 980; x_wconf 90' lang='lat' dir='ltr'>ut</span> 
     </span>
     <span class='ocr_line' id='line_1_5' title="bbox 474 1009 1559 1117; baseline 0.006 -27"><span class='ocrx_word' id='word_1_26' title='bbox 474 1019 521 1091; x_wconf 91' lang='lat' dir='ltr'>ad</span> <span class='ocrx_word' id='word_1_27' title='bbox 549 1019 718 1090; x_wconf 91' lang='lat' dir='ltr'>sinodum</span> <span class='ocrx_word' id='word_1_28' title='bbox 746 1018 867 1090; x_wconf 87' lang='lat' dir='ltr'>venire</span> <span class='ocrx_word' id='word_1_29' title='bbox 892 1020 1115 1117; x_wconf 80' lang='lat' dir='ltr'>nequiverit,</span> <span class='ocrx_word' id='word_1_30' title='bbox 1145 1014 1245 1117; x_wconf 93' lang='lat' dir='ltr'>quod</span> <span class='ocrx_word' id='word_1_31' title='bbox 1271 1009 1379 1092; x_wconf 79' lang='lat' dir='ltr'>etiaim</span> <span class='ocrx_word' id='word_1_32' title='bbox 1404 1022 1443 1094; x_wconf 95' lang='lat' dir='ltr'>in</span> <span class='ocrx_word' id='word_1_33' title='bbox 1471 1048 1559 1096; x_wconf 89' lang='lat' dir='ltr'>con-</span> 
     </span>
     <span class='ocr_line' id='line_1_6' title="bbox 476 1134 1555 1238; baseline 0.004 -31"><span class='ocrx_word' id='word_1_34' title='bbox 476 1152 599 1237; x_wconf 89' lang='lat' dir='ltr'>spectu</span> <span class='ocrx_word' id='word_1_35' title='bbox 621 1134 739 1207; x_wconf 90' lang='lat' dir='ltr'>sinodi</span> <span class='ocrx_word' id='word_1_36' title='bbox 750 1135 898 1207; x_wconf 90' lang='lat' dir='ltr'>testibus</span> <span class='ocrx_word' id='word_1_37' title='bbox 910 1136 1134 1236; x_wconf 83' lang='lat' dir='ltr'>approbavit.</span> <span class='ocrx_word' id='word_1_38' title='bbox 1153 1140 1237 1209; x_wconf 85' lang='lat' dir='ltr'>Post</span> <span class='ocrx_word' id='word_1_39' title='bbox 1249 1136 1326 1209; x_wconf 81' lang='lat' dir='ltr'>haec</span> <span class='ocrx_word' id='word_1_40' title='bbox 1339 1139 1498 1238; x_wconf 88' lang='lat' dir='ltr'>episcopi</span> <span class='ocrx_word' id='word_1_41' title='bbox 1516 1140 1555 1211; x_wconf 94' lang='lat' dir='ltr'>in</span> 
     </span>
     <span class='ocr_line' id='line_1_7' title="bbox 399 1252 1556 1354; baseline 0.004 -31"><span class='ocrx_word' id='word_1_42' title='bbox 399 1280 401 1283; x_wconf 91' lang='lat'>·</span> <span class='ocrx_word' id='word_1_43' title='bbox 477 1278 542 1324; x_wconf 92' lang='lat' dir='ltr'>sua</span> <span class='ocrx_word' id='word_1_44' title='bbox 552 1253 764 1325; x_wconf 82' lang='lat' dir='ltr'>reseruntur.</span> <span class='ocrx_word' id='word_1_45' title='bbox 786 1256 951 1348; x_wconf 90' lang='lat' dir='ltr'>Domnus</span> <span class='ocrx_word' id='word_1_46' title='bbox 962 1278 1049 1324; x_wconf 90' lang='lat' dir='ltr'>vero</span> <span class='ocrx_word' id='word_1_47' title='bbox 1061 1253 1238 1342; x_wconf 88' lang='lat' dir='ltr'>Marinus,</span> <span class='ocrx_word' id='word_1_48' title='bbox 1265 1252 1312 1325; x_wconf 88' lang='lat' dir='ltr'>ab</span> <span class='ocrx_word' id='word_1_49' title='bbox 1326 1258 1460 1327; x_wconf 87' lang='lat' dir='ltr'>Ottone</span> <span class='ocrx_word' id='word_1_50' title='bbox 1472 1282 1556 1354; x_wconf 89' lang='lat' dir='ltr'>rege</span> 
     </span>
     <span class='ocr_line' id='line_1_8' title="bbox 477 1369 1558 1468; baseline 0.002 -26"><span class='ocrx_word' id='word_1_51' title='bbox 477 1396 542 1468; x_wconf 87' lang='lat' dir='ltr'>per</span> <span class='ocrx_word' id='word_1_52' title='bbox 560 1369 693 1467; x_wconf 86' lang='lat' dir='ltr'>legatos</span> <span class='ocrx_word' id='word_1_53' title='bbox 713 1384 879 1465; x_wconf 85' lang='lat' dir='ltr'>rogatus,</span> <span class='ocrx_word' id='word_1_54' title='bbox 908 1370 946 1440; x_wconf 90' lang='lat' dir='ltr'>in</span> <span class='ocrx_word' id='word_1_55' title='bbox 964 1384 1082 1468; x_wconf 85' lang='lat' dir='ltr'>partes</span> <span class='ocrx_word' id='word_1_56' title='bbox 1100 1371 1299 1443; x_wconf 84' lang='lat' dir='ltr'>Germaniae</span> <span class='ocrx_word' id='word_1_57' title='bbox 1318 1372 1471 1463; x_wconf 86' lang='lat' dir='ltr'>secedit,</span> <span class='ocrx_word' id='word_1_58' title='bbox 1494 1370 1558 1444; x_wconf 89' lang='lat' dir='ltr'>ibi·</span> 
     </span>
     <span class='ocr_line' id='line_1_9' title="bbox 472 1485 1555 1585; baseline 0.003 -26"><span class='ocrx_word' id='word_1_59' title='bbox 472 1512 549 1585; x_wconf 88' lang='lat' dir='ltr'>que</span> <span class='ocrx_word' id='word_1_60' title='bbox 561 1486 755 1559; x_wconf 88' lang='lat' dir='ltr'>aecclesiam</span> <span class='ocrx_word' id='word_1_61' title='bbox 768 1485 958 1559; x_wconf 90' lang='lat' dir='ltr'>Vuldcnsis</span> <span class='ocrx_word' id='word_1_62' title='bbox 971 1488 1178 1560; x_wconf 90' lang='lat' dir='ltr'>monasterii</span> <span class='ocrx_word' id='word_1_63' title='bbox 1194 1487 1354 1579; x_wconf 86' lang='lat' dir='ltr'>dedicat,</span> <span class='ocrx_word' id='word_1_64' title='bbox 1375 1505 1423 1579; x_wconf 90' lang='lat' dir='ltr'>et,</span> <span class='ocrx_word' id='word_1_65' title='bbox 1435 1489 1555 1563; x_wconf 88' lang='lat' dir='ltr'>bieme</span> 
     </span>
     <span class='ocr_line' id='line_1_10' title="bbox 478 1596 1560 1698; baseline 0.003 -28"><span class='ocrx_word' id='word_1_66' title='bbox 478 1612 620 1690; x_wconf 83' lang='lat' dir='ltr'>exacta,</span> <span class='ocrx_word' id='word_1_67' title='bbox 646 1596 1007 1671; x_wconf 68' lang='lat' dir='ltr'>eonsummabis</span> <span class='ocrx_word' id='word_1_68' title='bbox 1032 1598 1196 1698; x_wconf 87' lang='lat' dir='ltr'>expletis,</span> <span class='ocrx_word' id='word_1_69' title='bbox 1217 1599 1391 1673; x_wconf 86' lang='lat' dir='ltr'>Rodulsus</span> <span class='ocrx_word' id='word_1_70' title='bbox 1418 1601 1560 1673; x_wconf 82' lang='lat' dir='ltr'>lauda·-</span> 
     </span>
     <span class='ocr_line' id='line_1_11' title="bbox 479 1713 1554 1813; baseline 0.002 -27"><span class='ocrx_word' id='word_1_71' title='bbox 479 1714 599 1786; x_wconf 88' lang='lat' dir='ltr'>nensis</span> <span class='ocrx_word' id='word_1_72' title='bbox 625 1713 835 1811; x_wconf 88' lang='lat' dir='ltr'>episcopus,</span> <span class='ocrx_word' id='word_1_73' title='bbox 875 1714 1001 1785; x_wconf 89' lang='lat' dir='ltr'>ultimo</span> <span class='ocrx_word' id='word_1_74' title='bbox 1026 1715 1188 1813; x_wconf 84' lang='lat' dir='ltr'>corporis</span> <span class='ocrx_word' id='word_1_75' title='bbox 1206 1715 1332 1788; x_wconf 92' lang='lat' dir='ltr'>dolore</span> <span class='ocrx_word' id='word_1_76' title='bbox 1348 1716 1554 1805; x_wconf 81' lang='lat' dir='ltr'>consectus,</span> 
     </span>
     <span class='ocr_line' id='line_1_12' title="bbox 478 1829 1555 1931; baseline 0.004 -30"><span class='ocrx_word' id='word_1_77' title='bbox 478 1829 547 1902; x_wconf 92' lang='lat' dir='ltr'>hac</span> <span class='ocrx_word' id='word_1_78' title='bbox 561 1830 631 1903; x_wconf 84' lang='lat' dir='ltr'>vita</span> <span class='ocrx_word' id='word_1_79' title='bbox 648 1830 801 1903; x_wconf 84' lang='lat' dir='ltr'>decedit.</span> <span class='ocrx_word' id='word_1_80' title='bbox 826 1831 992 1903; x_wconf 85' lang='lat' dir='ltr'>Succedit</span> <span class='ocrx_word' id='word_1_81' title='bbox 1010 1831 1044 1903; x_wconf 91' lang='lat' dir='ltr'>ei</span> <span class='ocrx_word' id='word_1_82' title='bbox 1061 1857 1148 1904; x_wconf 86' lang='lat' dir='ltr'>vero</span> <span class='ocrx_word' id='word_1_83' title='bbox 1166 1832 1274 1904; x_wconf 83' lang='lat' dir='ltr'>frater</span> <span class='ocrx_word' id='word_1_84' title='bbox 1290 1834 1382 1931; x_wconf 88' lang='lat' dir='ltr'>regis</span> <span class='ocrx_word' id='word_1_85' title='bbox 1406 1859 1451 1906; x_wconf 87' lang='lat' dir='ltr'>ex</span> <span class='ocrx_word' id='word_1_86' title='bbox 1470 1858 1555 1905; x_wconf 88' lang='lat' dir='ltr'>con·</span> 
     </span>
     <span class='ocr_line' id='line_1_13' title="bbox 479 1943 1465 2046; baseline 0.004 -28"><span class='ocrx_word' id='word_1_87' title='bbox 479 1946 771 2039; x_wconf 80' lang='lat' dir='ltr'>cubinaltorico,</span> <span class='ocrx_word' id='word_1_88' title='bbox 789 1946 889 2018; x_wconf 92' lang='lat' dir='ltr'>omni</span> <span class='ocrx_word' id='word_1_89' title='bbox 901 1943 1022 2020; x_wconf 87' lang='lat' dir='ltr'>rerum</span> <span class='ocrx_word' id='word_1_90' title='bbox 1039 1948 1184 2023; x_wconf 89' lang='lat' dir='ltr'>scientia</span> <span class='ocrx_word' id='word_1_91' title='bbox 1203 1949 1356 2022; x_wconf 90' lang='lat' dir='ltr'>inclitus.</span> <span class='ocrx_word' id='word_1_92' title='bbox 1376 2043 1379 2046; x_wconf 15' lang='lat'>¹</span> <span class='ocrx_word' id='word_1_93' title='bbox 1460 2035 1465 2044; x_wconf 21' lang='grc' dir='ltr'>ι</span> 
     </span>
    </p>
   </div>
   <div class='ocr_carea' id='block_1_2' title="bbox 622 2264 1411 2347">
    <p class='ocr_par' dir='ltr' id='par_1_3' title="bbox 622 2264 1411 2347">
     <span class='ocr_line' id='line_1_14' title="bbox 622 2264 1411 2347; baseline 0.008 -29"><span class='ocrx_word' id='word_1_94' title='bbox 622 2264 778 2319; x_wconf 80' lang='lat' dir='ltr'>LXXXIII.</span> <span class='ocrx_word' id='word_1_95' title='bbox 791 2267 896 2320; x_wconf 83' lang='lat' dir='ltr'>-Rex</span> <span class='ocrx_word' id='word_1_96' title='bbox 907 2267 1029 2347; x_wconf 80' lang='lat' dir='ltr'>cohortes</span> <span class='ocrx_word' id='word_1_97' title='bbox 1039 2268 1192 2322; x_wconf 84' lang='lat' dir='ltr'>Mosomnm</span> <span class='ocrx_word' id='word_1_98' title='bbox 1203 2268 1282 2323; x_wconf 86' lang='lat' dir='ltr'>mittit</span> <span class='ocrx_word' id='word_1_99' title='bbox 1292 2280 1319 2323; x_wconf 85' lang='lat' dir='ltr'>et</span> <span class='ocrx_word' id='word_1_100' title='bbox 1330 2270 1411 2342; x_wconf 82' lang='lat' dir='ltr'>capit.</span> 
     </span>
    </p>
   </div>
   <div class='ocr_carea' id='block_1_3' title="bbox 480 2424 1565 4283">
    <p class='ocr_par' dir='ltr' id='par_1_4' title="bbox 480 2424 1565 4283">
     <span class='ocr_line' id='line_1_15' title="bbox 529 2424 1556 2526; baseline 0.003 -31"><span class='ocrx_word' id='word_1_101' title='bbox 529 2428 680 2517; x_wconf 84' lang='lat' dir='ltr'>Interea,</span> <span class='ocrx_word' id='word_1_102' title='bbox 690 2425 897 2498; x_wconf 83' lang='lat' dir='ltr'>exercituex</span> <span class='ocrx_word' id='word_1_103' title='bbox 907 2426 1009 2497; x_wconf 90' lang='lat' dir='ltr'>omni</span> <span class='ocrx_word' id='word_1_104' title='bbox 1019 2424 1159 2523; x_wconf 89' lang='lat' dir='ltr'>Belgica</span> <span class='ocrx_word' id='word_1_105' title='bbox 1172 2425 1266 2497; x_wconf 87' lang='lat' dir='ltr'>duee</span> <span class='ocrx_word' id='word_1_106' title='bbox 1276 2426 1446 2498; x_wconf 90' lang='lat' dir='ltr'>Conrado</span> <span class='ocrx_word' id='word_1_107' title='bbox 1459 2427 1556 2526; x_wconf 86' lang='lat' dir='ltr'>apud</span> 
     </span>
     <span class='ocr_line' id='line_1_16' title="bbox 481 2530 1557 2640; baseline 0 -28"><span class='ocrx_word' id='word_1_108' title='bbox 481 2564 602 2639; x_wconf 88' lang='lat' dir='ltr'>regem</span> <span class='ocrx_word' id='word_1_109' title='bbox 615 2542 779 2634; x_wconf 88' lang='lat' dir='ltr'>collecto,</span> <span class='ocrx_word' id='word_1_110' title='bbox 795 2557 867 2614; x_wconf 89' lang='lat' dir='ltr'>tres</span> <span class='ocrx_word' id='word_1_111' title='bbox 884 2530 1065 2632; x_wconf 87' lang='lat' dir='ltr'>cobortes,</span> <span class='ocrx_word' id='word_1_112' title='bbox 1081 2566 1164 2640; x_wconf 85' lang='lat' dir='ltr'>rege</span> <span class='ocrx_word' id='word_1_113' title='bbox 1174 2540 1336 2638; x_wconf 83' lang='lat' dir='ltr'>jubente,</span> <span class='ocrx_word' id='word_1_114' title='bbox 1351 2544 1557 2613; x_wconf 85' lang='lat' dir='ltr'>Mosomum</span> 
     </span>
     <span class='ocr_line' id='line_1_17' title="bbox 482 2657 1557 2758; baseline -0.001 -28"><span class='ocrx_word' id='word_1_115' title='bbox 482 2657 683 2739; x_wconf 80' lang='lat' dir='ltr'>mittuntur.</span> <span class='ocrx_word' id='word_1_116' title='bbox 717 2664 949 2758; x_wconf 86' lang='lat' dir='ltr'>Compererat</span> <span class='ocrx_word' id='word_1_117' title='bbox 971 2660 1104 2732; x_wconf 83' lang='lat' dir='ltr'>etenim</span> <span class='ocrx_word' id='word_1_118' title='bbox 1132 2664 1322 2756; x_wconf 88' lang='lat' dir='ltr'>Hugonem</span> <span class='ocrx_word' id='word_1_119' title='bbox 1352 2657 1557 2729; x_wconf 67' lang='lat' dir='ltr'>abdicatum</span> 
     </span>
     <span class='ocr_line' id='line_1_18' title="bbox 480 2774 1556 2874; baseline 0.003 -28"><span class='ocrx_word' id='word_1_120' title='bbox 480 2774 616 2855; x_wconf 80' lang='lat' dir='ltr'>ibidem</span> <span class='ocrx_word' id='word_1_121' title='bbox 628 2775 826 2868; x_wconf 90' lang='lat' dir='ltr'>reclusum,</span> <span class='ocrx_word' id='word_1_122' title='bbox 848 2776 1030 2873; x_wconf 90' lang='lat' dir='ltr'>multaque</span> <span class='ocrx_word' id='word_1_123' title='bbox 1054 2776 1105 2847; x_wconf 90' lang='lat' dir='ltr'>rei</span> <span class='ocrx_word' id='word_1_124' title='bbox 1132 2775 1291 2847; x_wconf 88' lang='lat' dir='ltr'>militaris</span> <span class='ocrx_word' id='word_1_125' title='bbox 1318 2774 1441 2874; x_wconf 88' lang='lat' dir='ltr'>inopia</span> <span class='ocrx_word' id='word_1_126' title='bbox 1472 2800 1556 2849; x_wconf 86' lang='lat' dir='ltr'>eum</span> 
     </span>
     <span class='ocr_line' id='line_1_19' title="bbox 482 2878 1557 2995; baseline 0.001 -33"><span class='ocrx_word' id='word_1_127' title='bbox 482 2889 618 2963; x_wconf 88' lang='lat' dir='ltr'>baberi.</span> <span class='ocrx_word' id='word_1_128' title='bbox 635 2878 809 2964; x_wconf 79' lang='lat' dir='ltr'>Cohortes</span> <span class='ocrx_word' id='word_1_129' title='bbox 822 2918 907 2989; x_wconf 90' lang='lat' dir='ltr'>ergo</span> <span class='ocrx_word' id='word_1_130' title='bbox 920 2892 1095 2992; x_wconf 88' lang='lat' dir='ltr'>oppidum</span> <span class='ocrx_word' id='word_1_131' title='bbox 1115 2893 1153 2965; x_wconf 94' lang='lat' dir='ltr'>in</span> <span class='ocrx_word' id='word_1_132' title='bbox 1172 2895 1250 2995; x_wconf 91' lang='lat' dir='ltr'>ipso</span> <span class='ocrx_word' id='word_1_133' title='bbox 1269 2892 1480 2993; x_wconf 89' lang='lat' dir='ltr'>crepusculo</span> <span class='ocrx_word' id='word_1_134' title='bbox 1502 2918 1557 2991; x_wconf 88' lang='lat' dir='ltr'>ag·</span> 
     </span>
     <span class='ocr_line' id='line_1_20' title="bbox 483 3009 1558 3110; baseline 0.001 -29"><span class='ocrx_word' id='word_1_135' title='bbox 483 3034 628 3105; x_wconf 81' lang='lat' dir='ltr'>gressae,</span> <span class='ocrx_word' id='word_1_136' title='bbox 661 3009 846 3109; x_wconf 88' lang='lat' dir='ltr'>repentina</span> <span class='ocrx_word' id='word_1_137' title='bbox 872 3011 1140 3110; x_wconf 83' lang='lat' dir='ltr'>oppugnatione</span> <span class='ocrx_word' id='word_1_138' title='bbox 1171 3010 1449 3109; x_wconf 79' lang='lat' dir='ltr'>circumquaque</span> <span class='ocrx_word' id='word_1_139' title='bbox 1473 3010 1558 3082; x_wconf 85' lang='lat' dir='ltr'>inie-</span> 
     </span>
     <span class='ocr_line' id='line_1_21' title="bbox 483 3127 1558 3227; baseline 0.002 -29"><span class='ocrx_word' id='word_1_140' title='bbox 483 3139 595 3217; x_wconf 88' lang='lat' dir='ltr'>stant,</span> <span class='ocrx_word' id='word_1_141' title='bbox 622 3127 755 3199; x_wconf 89' lang='lat' dir='ltr'>instant</span> <span class='ocrx_word' id='word_1_142' title='bbox 778 3150 925 3225; x_wconf 91' lang='lat' dir='ltr'>quoque</span> <span class='ocrx_word' id='word_1_143' title='bbox 941 3127 1214 3225; x_wconf 82' lang='lat' dir='ltr'>magnanimiter</span> <span class='ocrx_word' id='word_1_144' title='bbox 1238 3152 1377 3227; x_wconf 87' lang='lat' dir='ltr'>capere.</span> <span class='ocrx_word' id='word_1_145' title='bbox 1405 3132 1451 3199; x_wconf 87' lang='lat' dir='ltr'>Et</span> <span class='ocrx_word' id='word_1_146' title='bbox 1473 3128 1558 3225; x_wconf 89' lang='lat' dir='ltr'>quia</span> 
     </span>
     <span class='ocr_line' id='line_1_22' title="bbox 482 3238 1558 3347; baseline 0.003 -33"><span class='ocrx_word' id='word_1_147' title='bbox 482 3268 615 3325; x_wconf 50' lang='lat' dir='ltr'>revera,</span> <span class='ocrx_word' id='word_1_148' title='bbox 635 3242 763 3316; x_wconf 84' lang='lat' dir='ltr'>milites</span> <span class='ocrx_word' id='word_1_149' title='bbox 785 3238 1022 3347; x_wconf 73' lang='lat' dir='ltr'>paucissimos</span> <span class='ocrx_word' id='word_1_150' title='bbox 1049 3268 1220 3343; x_wconf 87' lang='lat' dir='ltr'>armaque</span> <span class='ocrx_word' id='word_1_151' title='bbox 1245 3245 1305 3317; x_wconf 83' lang='lat' dir='ltr'>vix</span> <span class='ocrx_word' id='word_1_152' title='bbox 1330 3243 1450 3342; x_wconf 87' lang='lat' dir='ltr'>aliqua</span> <span class='ocrx_word' id='word_1_153' title='bbox 1473 3246 1558 3317; x_wconf 87' lang='lat' dir='ltr'>scie·</span> 
     </span>
     <span class='ocr_line' id='line_1_23' title="bbox 484 3357 1559 3457; baseline 0 -26"><span class='ocrx_word' id='word_1_154' title='bbox 484 3358 589 3449; x_wconf 90' lang='lat' dir='ltr'>bant,</span> <span class='ocrx_word' id='word_1_155' title='bbox 619 3359 861 3433; x_wconf 81' lang='lat' dir='ltr'>indesinenter</span> <span class='ocrx_word' id='word_1_156' title='bbox 877 3359 970 3432; x_wconf 80' lang='lat' dir='ltr'>vires</span> <span class='ocrx_word' id='word_1_157' title='bbox 993 3374 1143 3433; x_wconf 78' lang='lat' dir='ltr'>esemnt</span> <span class='ocrx_word' id='word_1_158' title='bbox 1165 3357 1344 3457; x_wconf 86' lang='lat' dir='ltr'>armisque</span> <span class='ocrx_word' id='word_1_159' title='bbox 1371 3359 1559 3456; x_wconf 83' lang='lat' dir='ltr'>adurgent.</span> 
     </span>
     <span class='ocr_line' id='line_1_24' title="bbox 485 3476 1564 3575; baseline -0.002 -26"><span class='ocrx_word' id='word_1_160' title='bbox 485 3480 529 3549; x_wconf 82' lang='lat' dir='ltr'>At</span> <span class='ocrx_word' id='word_1_161' title='bbox 546 3477 622 3549; x_wconf 88' lang='lat' dir='ltr'>aliis</span> <span class='ocrx_word' id='word_1_162' title='bbox 641 3477 790 3575; x_wconf 83' lang='lat' dir='ltr'>fatigatis</span> <span class='ocrx_word' id='word_1_163' title='bbox 814 3476 873 3549; x_wconf 89' lang='lat' dir='ltr'>alii</span> <span class='ocrx_word' id='word_1_164' title='bbox 886 3477 1008 3550; x_wconf 89' lang='lat' dir='ltr'>intacti</span> <span class='ocrx_word' id='word_1_165' title='bbox 1021 3476 1231 3549; x_wconf 87' lang='lat' dir='ltr'>succedunt.</span> <span class='ocrx_word' id='word_1_166' title='bbox 1252 3477 1400 3574; x_wconf 87' lang='lat' dir='ltr'>Sicque,</span> <span class='ocrx_word' id='word_1_167' title='bbox 1420 3476 1499 3548; x_wconf 89' lang='lat' dir='ltr'>sine</span> <span class='ocrx_word' id='word_1_168' title='bbox 1512 3476 1564 3547; x_wconf 91' lang='lat' dir='ltr'>in·</span> 
     </span>
     <span class='ocr_line' id='line_1_25' title="bbox 486 3586 1565 3701; baseline -0.002 -30"><span class='ocrx_word' id='word_1_169' title='bbox 486 3600 728 3691; x_wconf 84' lang='lat' dir='ltr'>termissione,</span> <span class='ocrx_word' id='word_1_170' title='bbox 749 3586 982 3699; x_wconf 80' lang='lat' dir='ltr'>paucissimos</span> <span class='ocrx_word' id='word_1_171' title='bbox 1001 3598 1185 3671; x_wconf 90' lang='lat' dir='ltr'>numerosi</span> <span class='ocrx_word' id='word_1_172' title='bbox 1197 3613 1365 3701; x_wconf 80' lang='lat' dir='ltr'>atterunt.</span> <span class='ocrx_word' id='word_1_173' title='bbox 1379 3598 1565 3698; x_wconf 87' lang='lat' dir='ltr'>Oppidani</span> 
     </span>
     <span class='ocr_line' id='line_1_26' title="bbox 487 3708 1562 3817; baseline -0.002 -28"><span class='ocrx_word' id='word_1_174' title='bbox 487 3742 573 3789; x_wconf 86' lang='lat' dir='ltr'>vero</span> <span class='ocrx_word' id='word_1_175' title='bbox 591 3717 734 3805; x_wconf 88' lang='lat' dir='ltr'>assidua</span> <span class='ocrx_word' id='word_1_176' title='bbox 748 3708 1010 3817; x_wconf 84' lang='lat' dir='ltr'>expugnatione</span> <span class='ocrx_word' id='word_1_177' title='bbox 1029 3717 1155 3807; x_wconf 88' lang='lat' dir='ltr'>attriti,</span> <span class='ocrx_word' id='word_1_178' title='bbox 1176 3716 1235 3806; x_wconf 91' lang='lat' dir='ltr'>die</span> <span class='ocrx_word' id='word_1_179' title='bbox 1256 3716 1367 3788; x_wconf 85' lang='lat' dir='ltr'>altera</span> <span class='ocrx_word' id='word_1_180' title='bbox 1386 3716 1464 3813; x_wconf 85' lang='lat' dir='ltr'>jam</span> <span class='ocrx_word' id='word_1_181' title='bbox 1486 3714 1562 3787; x_wconf 88' lang='lat' dir='ltr'>sole</span> 
     </span>
     <span class='ocr_line' id='line_1_27' title="bbox 487 3831 1558 3930; baseline -0.003 -23"><span class='ocrx_word' id='word_1_182' title='bbox 487 3831 640 3907; x_wconf 83' lang='lat' dir='ltr'>occiduo</span> <span class='ocrx_word' id='word_1_183' title='bbox 658 3858 784 3906; x_wconf 89' lang='lat' dir='ltr'>omnes</span> <span class='ocrx_word' id='word_1_184' title='bbox 798 3850 882 3906; x_wconf 88' lang='lat' dir='ltr'>cum</span> <span class='ocrx_word' id='word_1_185' title='bbox 894 3832 1046 3905; x_wconf 92' lang='lat' dir='ltr'>domino</span> <span class='ocrx_word' id='word_1_186' title='bbox 1059 3831 1106 3906; x_wconf 88' lang='lat' dir='ltr'>ad</span> <span class='ocrx_word' id='word_1_187' title='bbox 1125 3832 1346 3905; x_wconf 88' lang='lat' dir='ltr'>deditionem</span> <span class='ocrx_word' id='word_1_188' title='bbox 1367 3847 1558 3930; x_wconf 88' lang='lat' dir='ltr'>coguntur.</span> 
     </span>
     <span class='ocr_line' id='line_1_28' title="bbox 486 3947 1562 4048; baseline 0 -27"><span class='ocrx_word' id='word_1_189' title='bbox 486 3951 527 4021; x_wconf 92' lang='lat' dir='ltr'>ln</span> <span class='ocrx_word' id='word_1_190' title='bbox 540 3975 615 4048; x_wconf 94' lang='lat' dir='ltr'>quo</span> <span class='ocrx_word' id='word_1_191' title='bbox 632 3950 808 4041; x_wconf 89' lang='lat' dir='ltr'>tumultu,</span> <span class='ocrx_word' id='word_1_192' title='bbox 828 3975 903 4048; x_wconf 92' lang='lat' dir='ltr'>quo</span> <span class='ocrx_word' id='word_1_193' title='bbox 917 3954 1046 4047; x_wconf 86' lang='lat' dir='ltr'>genere</span> <span class='ocrx_word' id='word_1_194' title='bbox 1063 3947 1153 4047; x_wconf 83' lang='lat' dir='ltr'>fugae</span> <span class='ocrx_word' id='word_1_195' title='bbox 1172 3949 1341 4038; x_wconf 86' lang='lat' dir='ltr'>nescitur,</span> <span class='ocrx_word' id='word_1_196' title='bbox 1370 3954 1475 4047; x_wconf 89' lang='lat' dir='ltr'>Hugo</span> <span class='ocrx_word' id='word_1_197' title='bbox 1499 3948 1562 4021; x_wconf 88' lang='lat' dir='ltr'>ab·</span> 
     </span>
     <span class='ocr_line' id='line_1_29' title="bbox 488 4065 1561 4165; baseline 0.002 -28"><span class='ocrx_word' id='word_1_198' title='bbox 488 4065 624 4139; x_wconf 86' lang='lat' dir='ltr'>dicatus</span> <span class='ocrx_word' id='word_1_199' title='bbox 641 4066 772 4139; x_wconf 83' lang='lat' dir='ltr'>evadit.</span> <span class='ocrx_word' id='word_1_200' title='bbox 788 4071 842 4138; x_wconf 89' lang='lat' dir='ltr'>De</span> <span class='ocrx_word' id='word_1_201' title='bbox 855 4065 1026 4158; x_wconf 84' lang='lat' dir='ltr'>militibus</span> <span class='ocrx_word' id='word_1_202' title='bbox 1041 4092 1127 4139; x_wconf 84' lang='lat' dir='ltr'>vero</span> <span class='ocrx_word' id='word_1_203' title='bbox 1146 4067 1209 4165; x_wconf 90' lang='lat' dir='ltr'>qui</span> <span class='ocrx_word' id='word_1_204' title='bbox 1226 4066 1385 4165; x_wconf 88' lang='lat' dir='ltr'>potiores</span> <span class='ocrx_word' id='word_1_205' title='bbox 1393 4066 1561 4140; x_wconf 82' lang='lat' dir='ltr'>videban-</span> 
     </span>
     <span class='ocr_line' id='line_1_30' title="bbox 487 4182 1558 4283; baseline 0.007 -33"><span class='ocrx_word' id='word_1_206' title='bbox 487 4194 559 4272; x_wconf 88' lang='lat' dir='ltr'>tur,</span> <span class='ocrx_word' id='word_1_207' title='bbox 575 4184 777 4282; x_wconf 88' lang='lat' dir='ltr'>capiuntur,</span> <span class='ocrx_word' id='word_1_208' title='bbox 798 4208 840 4255; x_wconf 87' lang='lat' dir='ltr'>ac</span> <span class='ocrx_word' id='word_1_209' title='bbox 860 4182 997 4283; x_wconf 88' lang='lat' dir='ltr'>oppido</span> <span class='ocrx_word' id='word_1_210' title='bbox 1018 4182 1109 4257; x_wconf 84' lang='lat' dir='ltr'>alliis</span> <span class='ocrx_word' id='word_1_211' title='bbox 1136 4183 1328 4281; x_wconf 82' lang='lat' dir='ltr'>deputatis,</span> <span class='ocrx_word' id='word_1_212' title='bbox 1354 4184 1429 4282; x_wconf 80' lang='lat' dir='ltr'>regi</span> <span class='ocrx_word' id='word_1_213' title='bbox 1448 4183 1558 4257; x_wconf 89' lang='lat' dir='ltr'>dedu·</span> 
     </span>
    </p>
   </div>
   <div class='ocr_carea' id='block_1_4' title="bbox 487 4314 627 4372">
    <p class='ocr_par' dir='ltr' id='par_1_5' title="bbox 487 4314 627 4372">
     <span class='ocr_line' id='line_1_31' title="bbox 487 4314 627 4372; baseline 0.021 -3"><span class='ocrx_word' id='word_1_214' title='bbox 487 4314 627 4372; x_wconf 73' lang='lat' dir='ltr'>cuntur.</span> 
     </span>
    </p>
   </div>
   <div class='ocr_carea' id='block_1_5' title="bbox 0 0 1736 5392">
    <p class='ocr_par' dir='ltr' id='par_1_6' title="bbox 0 0 1736 5392">
     <span class='ocr_line' id='line_1_32' title="bbox 0 0 1736 5392; baseline 0 0"><span class='ocrx_word' id='word_1_215' title='bbox 0 0 1736 5392; x_wconf 95' lang='lat' dir='ltr'> </span> 
     </span>
    </p>
   </div>
  </div>
 </body>
</html>
