3417 5392
476 553 533 614 136
847 553 1012 637 ltlctlttttt
1035 552 1107 614 LIB.
1132 552 1174 612 ll.

476 675 616 773 implet,
632 690 760 747 etcum
778 677 885 748 armis
901 673 1028 746 milites
1040 673 1090 746 ibi
1103 674 1268 775 deponit,
1285 673 1457 747 aliorsum
1469 675 1545 774 ipse

478 791 669 864 secedens.

765 1351 815 1407 IX.
825 1384 862 1395 —
871 1356 926 1408 nex
940 1354 1062 1430 baudoni
1074 1374 1161 1408 arcem
1175 1357 1254 1428 capit.

528 1525 664 1594 Interea
678 1522 752 1620 regi
768 1522 815 1593 ab
832 1522 1108 1622 metropolitano
1122 1547 1188 1621 per
1199 1521 1333 1620 legatos
1345 1523 1411 1594 ista
1426 1547 1550 1620 sugge-

480 1651 618 1725 runtur.
640 1637 711 1725 Qui
729 1661 815 1732 mox
834 1653 992 1737 coeptum
1010 1638 1193 1735 negotium
1210 1637 1461 1728 intermittens,
1483 1661 1551 1710 suo
1677 1719 1678 1732 1

480 1751 708 1824 auxiliaturus
731 1747 940 1850 regreditur.
969 1753 1095 1826 Milites
1114 1754 1264 1852 colligit,
1289 1779 1330 1826 ac
1356 1754 1550 1826 exercitum
1677 1753 1678 1810 l

479 1882 592 1965 parat.
614 1872 705 1940 Cum
728 1895 801 1968 quo
826 1869 1041 1943 laudunum
1058 1871 1219 1963 veniens,
1247 1896 1366 1943 arcem
1387 1869 1434 1942 ab
1455 1869 1552 1943 Heri·

480 1982 582 2056 berto
600 2009 716 2084 nuper
739 1985 789 2057 ibi
813 2001 1026 2058 exstructam
1047 2000 1082 2058 et
1101 2011 1123 2080 a
1140 1988 1212 2058 suis
1231 1986 1350 2059 adhuc
1370 1986 1551 2072 detentmn
1677 2039 1678 2060 t

483 2099 634 2172 obsidet.
649 2103 766 2200 Atqui
779 2103 1033 2197 inarceerant,
1048 2101 1550 2200 rebellioniseseparant.Rex
1677 2181 1678 2198 χ

440 2267 445 2274 -
482 2240 566 2313 ergo
584 2217 813 2289 circumcirca
830 2219 1027 2316 sagittarios
1044 2217 1233 2310 adhibens,
1248 2218 1437 2290 missilibus
1456 2217 1551 2288 evin·
1677 2205 1678 2220 ¹

482 2358 562 2404 cere
583 2332 748 2405 instabat.
769 2339 809 2407 ln
832 2360 906 2432 quo
927 2335 1079 2406 tumultu
1101 2333 1287 2408 hincinde
1306 2361 1414 2433 quam
1433 2334 1551 2434 plures

482 2449 627 2521 sauciati
646 2449 761 2540 fuere,
783 2475 868 2521 curn
888 2476 963 2522 non
989 2453 1107 2524 minus
1127 2453 1189 2550 qui
1208 2453 1245 2523 in
1263 2477 1346 2524 arce
1363 2467 1484 2541 erant,
1504 2476 1552 2522 sa·
1677 2455 1678 2544 l

482 2566 576 2664 gittis
589 2565 735 2663 aliisque
745 2565 937 2638 missilibus
946 2581 1139 2639 uterentur.
1162 2572 1235 2640 Rex
1248 2593 1333 2666 ergo
1341 2593 1425 2641 cum
1444 2565 1550 2638 finem
1677 2577 1678 2634 1

483 2683 716 2781 oppugnandi
732 2682 866 2755 viribus
887 2707 962 2754 non
979 2683 1132 2775 fecisset,
1153 2685 1407 2782 ingenioseeos
1426 2709 1552 2783 capere
1677 2691 1678 2768 ζ

485 2797 671 2895 cogitabat,
1677 2803 1678 2810 '

799 2920 835 2972 X.
848 2921 1022 2974 -Moehinoe
1036 2923 1191 2994 compositio
1204 2923 1230 2974 ¹⁵.

534 3064 630 3135 Fecit
652 3063 772 3161 itaque
800 3090 844 3145 ex
869 3064 1183 3138 vehementissimis
1211 3066 1313 3164 lignis
1340 3067 1549 3164 compactis,

486 3177 704 3270 machinam,
725 3180 834 3251 instar
854 3179 1068 3278 longilaterae
1086 3181 1231 3273 domus,
1252 3180 1445 3254 duodecim
1463 3182 1553 3252 viro·
1677 3239 1678 3244 1

485 3322 567 3367 rum
584 3321 773 3396 capacem,
793 3298 941 3377 humani
964 3289 1123 3398 eorporis
1145 3314 1284 3371 staturae
1298 3300 1334 3369 in
1353 3299 1424 3371 alto
1443 3323 1553 3395 aequa·

486 3414 569 3485 lem.
593 3413 701 3509 Cujus
721 3415 872 3512 parietes
895 3414 941 3487 de
961 3406 1095 3512 ingenti
1115 3415 1292 3512 lignorum
1314 3414 1465 3505 robore,
1485 3430 1554 3486 tec·

485 3544 563 3599 tum
588 3553 674 3600 vero
695 3528 741 3601 de
765 3529 864 3601 duris
884 3556 924 3602 ac
947 3532 1087 3603 intextis
1110 3531 1262 3604 cratibus
1281 3523 1461 3604 exstruxit.
1487 3533 1551 3603 Cui
1677 3577 1678 3582 κ

487 3644 594 3714 etiam
615 3643 825 3717 intrinsecus
851 3661 946 3719 rotas
974 3663 1127 3746 quatuor
1149 3648 1328 3740 adhibuit,
1362 3647 1459 3720 unde
1480 3673 1553 3720 ma·
1677 3715 1678 3726 ,

396 3816 399 3824 ,
488 3758 593 3830 ehina
611 3761 656 3831 ab
677 3761 720 3833 iis
737 3763 800 3860 qui
817 3763 1028 3836 intrinsecus
1048 3764 1213 3854 laterent,
1236 3789 1348 3861 usque
1368 3763 1414 3836 ad
1432 3789 1549 3836 arcem

365 3921 369 3931 ·
485 3875 737 3979 impelleretur.
760 3883 803 3950 At
818 3894 953 3950 tectum
965 3906 1040 3952 non
1057 3905 1155 3979 aeque
1173 3897 1320 3956 stratum
1332 3881 1414 3972 fuit,
1429 3907 1551 3953 verum
1677 3933 1678 3946 2

487 3993 533 4065 ab
546 3994 709 4065 acumine
727 3993 849 4067 dextra
867 3995 1015 4094 levaque
1035 3983 1275 4096 dependebat,
1295 4011 1336 4068 ut
1349 3998 1451 4094 jactis
1466 3997 1551 4097 lapi·

486 4108 591 4181 dibus
617 4110 752 4183 facilius
773 4110 912 4211 lapsum
934 4113 1117 4212 praeberet.
1140 4119 1227 4203 Quae
1247 4130 1443 4204 exstructa,
1471 4116 1557 4224 tiro·-
1677 4119 1678 4130 ’

523 4309 538 4342 ⁵¹
556 4327 588 4359 co
599 4306 726 4363 abscisum.
