3417 5392
480 537 536 594 tot
850 537 1014 596 RICHERI
1037 539 1109 597 Llll.
1136 539 1160 596 l.

557 740 613 789 LV.
624 769 659 778 —
670 739 839 792 Heribertus*
853 761 867 794 a
883 761 941 812 rege
955 750 964 775 *
983 743 1127 793 llcmensel
1144 743 1302 813 episcopium
1315 745 1413 814 accepit
1426 746 1454 793 ’ἦ

422 892 446 941 2
525 894 627 974 Unde
640 905 827 1001 etabrege
841 905 966 976 donari
977 923 1115 1004 petens,
1133 910 1351 1005 episcopium
1365 911 1529 979 Remeuse
1647 901 1648 932 ³

477 1021 542 1090 sub
556 1021 702 1092 obtentu
717 1022 777 1092 filii
795 1025 848 1093 sui
867 1023 983 1093 adbuc
997 1025 1096 1120 pueri
1112 1024 1213 1094 abeo
1228 1025 1377 1121 accepit3
1399 1049 1482 1094 uam
1501 1039 1531 1094 et
1647 1013 1648 1020 ἵ

476 1153 562 1207 tunc
578 1137 645 1209 hac
664 1140 735 1210 vita
758 1139 865 1210 divae¹
891 1141 1068 1210 memoriae
1086 1139 1221 1210 Seulfus
1245 1140 1531 1237 metropolitanus

477 1252 684 1326 decesserat.
708 1260 749 1325 At
766 1257 848 1352 quia
866 1272 946 1326 aetas
962 1257 1114 1327 tenerior
1127 1281 1275 1355 puerum
1294 1258 1400 1326 sacris
1413 1254 1531 1326 officiis

475 1363 704 1466 prohibebat,
733 1371 898 1442 Odelrico
927 1373 1085 1460 cuidam,
1114 1373 1158 1442 ab
1183 1375 1334 1470 Aquensi
1349 1373 1530 1469 ¹episcopio
1647 1455 1648 1466 χ

477 1503 679 1582 pyratarum
697 1489 925 1560 insectatione
942 1490 1066 1587 pulso,
1088 1515 1154 1587 pro
1173 1515 1216 1560 eo
1239 1490 1435 1560 ministrare
1455 1513 1532 1558 con·

477 1626 615 1672 cessum
628 1619 691 1673 est.
707 1605 771 1674 Cui
790 1605 895 1674 etiam
909 1605 1083 1676 abbatiam
1099 1608 1217 1676 Sancti
1233 1604 1405 1675 Timothei
1420 1606 1532 1674 marti·

477 1719 524 1788 ris
542 1718 588 1788 ad
606 1745 689 1790 usus
706 1723 870 1818 proprios
887 1721 1062 1810 attribuit,
1079 1738 1115 1794 et
1131 1725 1274 1820 insuper
1284 1722 1531 1792 canonicorum

477 1834 609 1907 rictum
629 1835 733 1905 simul
755 1836 955 1933 impertivit.
983 1837 1152 1922 Rodullus
1170 1838 1301 1907 interea
1324 1859 1385 1906 rex
1408 1850 1531 1932 quanta

478 1949 568 2020 loret
584 1953 727 2047 aequitas
745 1977 815 2022 suae
832 1953 911 2023 vitae
929 1953 1171 2024 demonstrare
1184 1955 1345 2049 cupiens,
1362 1951 1407 2022 ad
1430 1956 1532 2022 Karo-

478 2066 554 2137 lum
567 2067 627 2138 ubi
645 2068 848 2140 servabatur
866 2073 1019 2141 accessit.
1038 2070 1140 2168 Apud
1158 2095 1264 2166 quem
1278 2069 1387 2140 multa
1405 2069 1452 2138 de
1466 2069 1531 2163 ejus

478 2185 626 2255 miseriis
647 2202 878 2283 conquestus,
900 2186 1271 2285 sermone-multiplici
1299 2187 1327 2256 si
1344 2185 1532 2256 offenderat

479 2300 681 2397 suppliciter
707 2303 846 2404 veniam
873 2303 1090 2401 postulabat,
1124 2319 1158 2375 et
1189 2289 1357 2400 quoniam
1387 2289 1531 2398 suscepti

479 2417 656 2512 regiminis
675 2418 811 2515 apicem
836 2418 976 2516 penitus
994 2420 1151 2490 amittere
1175 2444 1247 2490 nou
1266 2419 1420 2506 valebat,
1442 2419 1531 2513 quod

479 2533 567 2602 ratio
585 2531 787 2603 conferebat
804 2534 836 2603 ei
853 2536 1022 2623 restituit,
1044 2535 1143 2607 sedes
1156 2535 1316 2605 videlicet.
1328 2535 1457 2630 regias,
1472 2535 1532 2604 hoc

478 2663 531 2717 est
555 2650 764 2719 Attiniacum
787 2655 823 2718 el
845 2651 1074 2738 Pontionem3
1098 2653 1216 2748 sicque
1241 2654 1470 2722 Suessionum
1490 2676 1533 2721 re·

479 2766 618 2836 meavit.

639 2862 650 2887 ²
849 2891 1173 2944 uva-uarouomus.

527 3033 675 3104 Karolus
692 3049 773 3132 post
789 3033 864 3104 haec
883 3031 977 3104 tedio
1003 3047 1037 3102 et
1058 3055 1188 3126 augore
1207 3029 1390 3119 deficiens,
1416 3031 1451 3099 in
1471 3054 1533 3099 ma·

479 3152 705 3225 chronosiam
733 3149 881 3239 decidit3
916 3149 1196 3243 humoribusque
1226 3149 1340 3218 noxiis
1375 3162 1528 3234 vexatus,

478 3267 736 3365 postmultum
764 3266 970 3362 languorem
997 3266 1066 3335 vita
1093 3263 1247 3361 privatus
1274 3277 1337 3332 est.
1371 3261 1531 3333 Rodullus

478 3407 562 3452 vero
581 3407 660 3471 rex,
687 3396 826 3478 pyratas
847 3381 995 3451 Galliam
1024 3381 1263 3476 Aquitanicam
1290 3379 1454 3475 irrupisse
1473 3405 1531 3477 per

409 3475 413 3483 ¹
478 3497 610 3594 legatos
636 3498 877 3596 comperiens,
913 3521 1061 3593 eamque
1085 3496 1257 3568 hostiliter
1281 3494 1530 3566 debacchantes

479 3615 675 3703 infestasse,
692 3616 764 3684 vim
782 3615 909 3685 inferre
927 3613 1112 3709 cogitabat.

515 3810 530 3841 *
549 3809 616 3872 Her,
629 3829 644 3860 a
657 3829 680 3872 r,
693 3829 793 3873 mense,
806 3827 852 3861 acc
864 3830 893 3859 ea·
907 3813 1008 3878 conject.

517 3895 524 3948 ¹.
544 3893 593 3966 piae
607 3896 632 3942 l.
645 3892 673 3944 d.
688 3894 713 3942 ἓ.

425 3975 430 3984 ι
549 3969 552 3989 ι
660 3962 663 3969 “
