3417 5392
470 539 510 599 st
849 533 1016 596 mcttEttt
1042 533 1116 594 LIB.
1143 535 1166 592 t.

468 659 639 752 uiumque
654 654 815 753 procedit
833 656 869 725 in
894 635 1046 725 bostem.
1069 659 1310 751 Ereptumque
1330 679 1479 752 regnum
1497 657 1544 726 ir-

468 798 657 872 rumpens,
703 771 824 843 sedem
868 771 1000 868 regiam
1033 771 1228 842 Atiniacum
1264 770 1404 868 pridem
1443 797 1544 843 suam

468 889 674 988 ingreditur.
702 888 824 984 ibique
847 887 1100 984 aliquantisper
1125 901 1286 983 reparato
1310 889 1484 980 exercitu,
1507 891 1544 960 in

466 1007 708 1079 adversarium
723 1005 848 1076 fertur*
861 1059 867 1073 .

965 1139 1047 1191 XLV.

515 1289 639 1353 Factus
652 1307 736 1352 rero
755 1282 897 1351 tiranno
915 1283 1075 1378 propior,
1098 1284 1290 1354 exercitum
1312 1283 1357 1354 ad
1376 1310 1544 1381 congres-

465 1427 545 1471 sum
558 1399 712 1487 ordinat,
728 1424 789 1469 sex
802 1397 899 1468 milia
918 1397 1148 1468 robustorum
1163 1399 1388 1498 praemittens.
1405 1400 1545 1486 Quibus

465 1519 571 1588 etiam
584 1517 701 1587 virum
725 1513 987 1603 consularem²,
1005 1516 1150 1585 nomine
1170 1515 1387 1607 Fulbertum,
1414 1515 1544 1588 ducem

464 1633 657 1704 constituit.
679 1635 723 1704 Se
737 1633 853 1728 ipsum
868 1655 954 1700 vero
974 1630 1150 1727 quatuor³
1172 1630 1314 1702 milibus
1326 1633 1544 1731 circumsep-

466 1767 554 1836 tum,
569 1747 770 1819 labentibus
778 1747 903 1844 primis
914 1745 1171 1817 subventurum
1180 1746 1337 1846 deputat.
1350 1753 1543 1846 Postquam

464 1872 583 1938 autem
597 1891 661 1964 per
671 1863 826 1962 singulas
837 1863 994 1959 legiones
1006 1862 1220 1952 discurrens,
1231 1866 1428 1965 praecipuos
1439 1891 1545 1963 quos·

465 1987 563 2082 que*
589 1983 741 2054 multum
765 1981 899 2077 diuque
924 1979 969 2051 ad
996 1981 1069 2050 rim
1088 1980 1171 2051 hetti
1200 1981 1360 2053 hortatus
1384 1998 1454 2072 est,
1487 1985 1543 2054 in-

465 2117 617 2172 structos
629 2099 775 2170 ordines
783 2097 944 2196 plurimis
955 2097 1179 2168 suasionibus
1189 2099 1350 2188 incitans,
1365 2100 1411 2170 ad
1421 2101 1544 2171 locum

467 2218 527 2290 ubi
546 2215 851 2312 congrediendum
877 2229 968 2302 erat,
993 2213 1149 2284 deducit.
1177 2221 1335 2286 Axonam
1362 2242 1448 2288 vero
1477 2220 1544 2290 ssu-

465 2335 562 2404 vium
582 2348 822 2419 transmeans,
845 2329 892 2400 ad
919 2330 1046 2400 urbem
1066 2333 1313 2404 suessonicam
1337 2333 1463 2405 tendit.
1492 2335 1543 2405 lbi

465 2451 596 2522 etenim
618 2451 776 2520 tirannus
795 2448 916 2545 copias
935 2447 1140 2544 collegeram
1165 2450 1265 2545 cujus
1282 2476 1426 2548 quoque
1444 2476 1544 2522 exer·

465 2569 555 2639 citus
575 2568 611 2636 iu
630 2566 754 2663 viginti
773 2563 917 2634 milibus
940 2566 1165 2636 consistebat.
1189 2571 1277 2640 Cum
1297 2594 1381 2666 ergo
1393 2570 1545 2642 Karolus

466 2712 526 2757 rex
546 2683 640 2755 bello
661 2681 851 2781 prudentia
868 2681 1086 2772 intenderet,
1107 2684 1274 2755 instinctu
1292 2688 1543 2785 episcoporum
1631 2683 1635 2694 '

466 2802 690 2897 aliorumque
718 2798 963 2894 religiosorum
989 2800 1147 2870 virorum
1166 2802 1226 2897 qui
1253 2801 1318 2873 sibi
1337 2805 1544 2876 assistebant

468 2932 587 2987 actum
597 2930 661 3005 est,
675 2929 715 2985 ut
725 2916 800 3012 ipse
810 2939 870 2984 rex
883 2911 1016 2985 bellum
1028 2941 1101 2987 non
1114 2917 1369 3014 ingrederetur,
1381 2947 1427 2993 ne
1440 2921 1541 3010 sorte,

470 3036 507 3104 in
528 3057 647 3105 rerum
670 3031 897 3120 confusione,
922 3031 1046 3127 regalis
1065 3034 1188 3131 stirpS,
1212 3061 1256 3106 eo
1275 3035 1392 3135 lapsu,
1414 3064 1543 3110 consu·

471 3165 637 3221 meretur.
655 3148 694 3218 ld
710 3148 815 3218 etiam
829 3145 940 3218 duces
953 3162 988 3218 et
996 3149 1123 3220 milites
1135 3169 1338 3248 coegerunt.
1362 3155 1414 3226 Ab
1428 3157 1543 3228 omni·

470 3268 537 3338 bus
561 3290 645 3362 ergo
663 3278 823 3353 coactus,
846 3265 1022 3360 quatu0r⁵
1044 3266 1211 3356 milibus,
1235 3269 1365 3365 quibus
1383 3263 1460 3369 ipse
1482 3275 1545 3343 cir·
1624 3311 1627 3316 ·

471 3397 675 3479 cumseptus
693 3378 896 3469 incedebat,
924 3381 1040 3450 virum
1063 3383 1307 3456 consularem⁶
1329 3389 1544 3485 Hagraidum

472 3499 628 3599 praeficit.
651 3502 820 3567 Hortatur
832 3521 917 3567 vero
936 3497 1150 3594 plurimum,
1171 3517 1209 3571 ut
1221 3503 1286 3572 Dei
1300 3519 1438 3576 tantum
1451 3510 1546 3578 auxi·

473 3618 562 3688 lium
574 3613 781 3711 implorent;
800 3612 953 3684 nihileis
969 3615 1214 3706 metuendum,
1233 3619 1320 3690 nihil
1339 3621 1546 3695 devictoris

510 3813 518 3841 ¹
539 3812 558 3861 f.
572 3813 691 3860 Axonam
707 3826 770 3859 reru
786 3805 896 3858 fluvium
917 3819 1076 3862 transmeans
1096 3811 1122 3861 in
1140 3812 1231 3864 urbem
1252 3815 1431 3869 suessonicam
1452 3815 1542 3870 tendit.

472 3883 510 3935 ibi
521 3881 618 3934 etenim
629 3879 746 3930 tirannus
757 3879 899 3930 exercitum
913 3881 1050 3950 collegerat
1057 3894 1145 3952 postea
1158 3882 1247 3936 deleta.

507 3953 519 3984 ³
538 3972 566 4004 u⁴
580 3971 605 4003 c.
619 3949 704 4001 codex.

508 4025 520 4055 ⁸
539 4022 643 4076 duobus
657 4023 681 4072 1.

507 4097 519 4128 ⁴
537 4111 654 4164 quosque
665 4090 699 4142 de
711 4090 801 4142 militia
815 4103 841 4142 et
852 4093 927 4144 samse
939 4093 1031 4164 gloria.
1045 4093 1214 4166 priorumque
1231 4101 1375 4154 nobilitate,
1393 4114 1418 4153 ρ(
1431 4101 1540 4156 filiorum

472 4168 581 4220 utilitate
593 4164 704 4216 multum
723 4160 751 4212 d.
766 4162 795 4212 ir.
808 4175 844 4213 est
860 4167 882 4214 t.

437 4298 440 4302 A
507 4241 519 4270 ⁸
537 4236 642 4288 duobus
655 4236 680 4284 i.

507 4311 519 4341 ⁸
536 4328 564 4359 u.
578 4327 602 4358 c.
617 4304 703 4356 codex.

1676 4157 1678 4297 t

1673 4505 1676 4705 t
