3417 5392
495 589 553 645 152
869 587 1034 648 ltchEttl
1057 587 1128 648 llll.
1155 589 1192 646 ll.

492 706 586 792 caesi,
617 705 675 776 alii
694 708 809 805 capti,
830 708 992 780 nonnulli
1015 733 1099 780 vero
1118 707 1280 806 profugio
1300 708 1433 806 erepti⁴
1462 727 1551 782 sunt.

492 822 691 894 Ludovicus
724 849 785 896 rex
820 823 1055 896 Gislebertum
1086 825 1279 895 extinctum
1315 824 1553 921 comperiens,

492 937 640 1010 multam
661 941 698 1010 iu
722 941 797 1036 ejus
817 965 900 1013 casu
919 940 1264 1012 commiserationem
1286 938 1421 1011 habuit.
1447 944 1555 1038 Atque

493 1057 528 1126 in
543 1056 717 1154 Belgicam
733 1059 925 1157 profectus,
951 1059 1025 1154 ejus
1041 1081 1188 1128 uxorem
1206 1055 1439 1152 Gerbergnm,
1461 1059 1555 1128 Otto-

493 1171 731 1261 nissororem‚
748 1175 914 1270 conjugio
928 1174 1039 1262 duxit,
1054 1198 1204 1270 eamque
1214 1197 1335 1244 secum
1353 1175 1509 1270 reginam
1520 1175 1553 1244 in

491 1313 641 1384 reguum
653 1291 847 1362 coronavit.

491 1485 552 1536 XX.
565 1515 602 1525 —
612 1485 777 1538 Wilelmus*
794 1485 849 1537 dux
865 1486 1032 1556 piratarum*
1053 1486 1105 1555 regi
1129 1487 1242 1538 contra*
1257 1501 1347 1535 omnes
1359 1481 1439 1534 fidem
1450 1485 1519 1553 jurat
1529 1483 1552 1532 ’.

537 1643 632 1710 Dum
651 1639 726 1709 hec
742 1639 905 1710 Lauduni
924 1652 1141 1735 gererentur,
1163 1636 1347 1709 Wilelmus
1364 1636 1553 1734 piratarum

489 1755 575 1844 dux,
591 1755 724 1851 legatos
746 1755 819 1851 regi
837 1754 966 1851 dirigit,
987 1755 1049 1851 qui
1072 1779 1147 1830 sese
1166 1754 1248 1824 satis
1266 1753 1298 1824 ei
1316 1751 1458 1824 fidelem
1472 1750 1555 1822 indi·

487 1886 592 1941 cent:
627 1894 701 1967 quo
725 1895 787 1941 rex
813 1869 954 1965 jubeat,
988 1894 1063 1940 sese
1098 1893 1342 1960 occursurum,
1380 1867 1554 1963 iidemque

489 2001 614 2059 contra
635 2010 762 2058 omnes
784 1985 1036 2084 polliciturum.
1072 1989 1234 2073 Quorum
1260 1986 1472 2084 legationem
1499 2009 1553 2056 rex

489 2101 599 2172 multa
620 2100 859 2172 benivolentia
877 2104 1065 2201 excipiens,
1082 2103 1119 2172 in
1136 2127 1267 2201 pagum
1286 2102 1553 2174 Ambiauensem

489 2218 555 2287 sibi
577 2217 839 2289 occurrendum
863 2219 1056 2305 constituit,
1091 2243 1135 2290 eo
1162 2219 1261 2316 quod
1292 2219 1341 2291 ibi
1363 2216 1553 2317 specialiter

488 2333 586 2403 utilia
598 2334 761 2434 quaedam
778 2359 843 2432 per
856 2333 935 2405 illos
949 2335 1218 2408 determinanda
1234 2335 1247 2371 ²
1269 2336 1395 2406 forent.
1422 2334 1552 2429 Legatis

488 2451 605 2544 itaque
624 2449 798 2540 abductis,
815 2476 877 2522 rex
888 2451 934 2522 ad
951 2451 1071 2522 locum
1088 2451 1294 2522 condictum
1312 2465 1475 2548 tempore
1492 2463 1553 2520 sta·

488 2579 564 2636 tuto
584 2565 737 2636 devenit.
769 2567 833 2637 Cui
852 2566 959 2637 etiam
986 2568 1058 2637 dux
1080 2567 1266 2665 predictus
1293 2566 1419 2638 obvius
1443 2567 1547 2652 venit,

487 2697 724 2779 exceptusque
750 2706 876 2778 aroge
907 2682 1095 2770 decenter,
1133 2685 1354 2781 provinciam
1379 2707 1490 2780 quam
1524 2685 1551 2754 ei

487 2813 586 2894 pater
617 2797 766 2869 Karolus
792 2823 853 2869 rex
882 2798 1091 2886 contulerat,
1129 2797 1245 2872 abeo
1276 2801 1381 2870 etiam
1406 2799 1547 2896 accepit.

489 2913 591 2987 Unde
614 2929 648 2984 et
666 2915 755 3010 regis
782 2914 904 3000 factus,
931 2929 1029 2986 tanto
1052 2915 1084 2984 ei
1106 2939 1282 2986 consensu
1312 2915 1471 3012 alligatus
1489 2931 1548 2999 est,

487 3043 526 3099 nt
539 3029 614 3123 jam
628 3030 773 3126 jamque
795 3043 856 3100 aut
878 3053 952 3099 sese
980 3031 1205 3118 moriturum,
1236 3047 1297 3101 aut
1323 3033 1396 3128 regi
1419 3033 1551 3129 imperii

486 3170 663 3216 summam
680 3148 922 3218 restituturum
934 3162 1161 3244 proponeret.

503 3361 580 3412 ΧΧΙ.
593 3391 629 3402 -
640 3361 764 3414 Artoldus
785 3363 995 3432 archiepiscopus
1008 3363 1159 3414 Causostem
1176 3361 1348 3414 munitionem
1365 3373 1497 3432 expugnet
1511 3373 1534 3412 et

982 3458 1060 3515 caprt.

533 3605 714 3699 Hujusque
741 3605 790 3674 rei
817 3605 960 3701 negotio
986 3604 1116 3675 utiliter
1143 3619 1298 3703 peracto,
1329 3628 1390 3676 rex
1414 3605 1451 3674 in
1472 3609 1549 3674 Bur-

485 3719 654 3814 gundiam
672 3721 823 3790 secessit.
845 3725 886 3791 ln
905 3721 1004 3816 cujus
1022 3719 1180 3793 absentia
1198 3719 1362 3792 Artoldus
1377 3736 1550 3818 metropo-

485 3837 625 3940 litanus,
642 3861 687 3906 ne
703 3861 774 3907 suae
791 3839 842 3908 rei
861 3853 1044 3936 putaretur
1062 3839 1194 3936 inopia,
1220 3837 1353 3934 absque
1376 3838 1479 3932 regiis
1497 3861 1550 3905 co

486 3954 552 4050 piis
567 3957 773 4024 Causostem
787 3954 1022 4026 munitionem
1040 3955 1185 4052 appetit,
1206 3955 1309 4050 eique
1328 3951 1548 4026 obsidionem

521 4174 536 4206 *
555 4191 625 4237 mus,
640 4186 679 4236 ta,
698 4187 770 4237 ntra,
782 4175 851 4243 jurat
865 4197 893 4226 cr
905 4181 1005 4244 ronjrct.

522 4259 530 4287 ¹
550 4258 663 4327 exempti
678 4260 702 4308 l.

521 4341 531 4370 ⁹
551 4341 754 4393 determinandae
767 4362 822 4392 corr
