3417 5392
463 519 481 579 t
885 485 1095 574 rnoto'cus

460 636 629 708 Ludovici
646 649 739 706 notae
756 633 965 724 offeruntur,
982 659 1048 732 pro
1059 639 1227 732 'tempore
1244 648 1430 704 auctorum
1443 659 1523 732 pru-

460 752 548 825 dens
568 752 679 824 lector
696 775 795 847 reges
807 750 1007 846 aequivocos
1024 747 1236 846 pernotabit.
1258 754 1421 838 Quorum
1440 766 1523 822 tem·

459 868 607 969 poribus
624 867 715 939 bella
733 892 755 937 a
771 865 879 936 Gallis
903 889 1144 964 saepenumero
1162 879 1315 962 patrata,
1339 867 1524 964 variosque

460 1012 586 1058 eorum
600 983 785 1071 tumultus,
806 1006 848 1052 ac
866 983 1021 1052 diversas
1039 981 1264 1076 negotiorum
1290 982 1459 1072 rationes,
1480 984 1524 1054 ad

460 1102 669 1176 memoriam
687 1099 856 1170 reducere
871 1098 1000 1196 scripto
1015 1097 1210 1196 specialiter
1222 1100 1446 1196 propositum
1459 1115 1520 1170 est.

459 1218 495 1289 Si
508 1242 579 1317 qua
587 1242 673 1288 vero
686 1215 836 1285 aliorum
851 1213 1053 1303 efferantur,
1066 1213 1114 1284 ob
1128 1215 1136 1249 ⁴
1152 1215 1347 1286 incidentes
1356 1217 1521 1304 rationes,

459 1359 538 1431 quae
554 1333 656 1405 vitari
669 1356 743 1403 non
757 1345 964 1430 potuerunt,
980 1331 1017 1401 id
1031 1332 1187 1402 evenisse
1205 1345 1359 1428 putetur.
1381 1332 1450 1402 Sed
1463 1332 1476 1368 ²
1497 1336 1524 1404 si

458 1450 586 1548 ignotae
603 1448 819 1545 antiquitatis
836 1447 1042 1543 ignorantiae
1061 1470 1199 1543 arguar,
1220 1471 1262 1516 ex
1282 1446 1440 1543 quodam
1453 1448 1524 1518 Flo

459 1566 585 1638 doardi
602 1564 796 1662 presbyteri
815 1564 994 1634 Remensis
1023 1561 1160 1652 libelle,
1186 1588 1244 1634 me
1268 1563 1385 1660 aliqua
1411 1589 1524 1662 sump

458 1683 542 1753 sisse
560 1705 634 1752 non
652 1679 787 1768 abnu0,
803 1693 839 1750 at
857 1703 931 1749 non
949 1677 1058 1750 verba
1071 1679 1217 1775 quidem
1230 1678 1368 1768 eadem,
1384 1677 1448 1750 sed
1460 1679 1524 1750 alia

457 1824 524 1897 pro
541 1797 617 1868 aliis
634 1796 740 1892 longe
757 1796 898 1866 diverso
917 1794 1086 1865 orationis
1100 1795 1111 1830 ³
1133 1809 1284 1866 scemate
1298 1793 1521 1894 disposuisse,

458 1941 514 1987 res
527 1916 603 2012 ipsa
617 1913 878 1984 evidentissime
891 1911 1110 1984 demonstrat
1119 1939 1130 2000 ;
1140 1912 1302 2008 ,satisque
1313 1912 1438 1983 lectori
1452 1911 1524 1984 fieri

458 2030 629 2116 arbitror,
664 2029 693 2098 si
727 2027 959 2126 probabiliter
985 2043 1090 2124 atque
1121 2027 1275 2100 dilucide
1304 2027 1525 2126 breviterque

459 2146 581 2216 omnia
598 2144 814 2239 digesserim.
834 2147 874 2212 lu
893 2142 1045 2214 dicendo
1066 2144 1162 2214 enim
1183 2169 1346 2216 recusans
1365 2145 1521 2236 effluere,

458 2259 611 2358 plurima
628 2250 805 2330 succincte
826 2258 1024 2357 expediam.
1053 2264 1099 2330 Ac
1120 2260 1227 2330 totius
1245 2261 1431 2333 exordium
1449 2287 1525 2333 nar·

460 2376 605 2447 rationis
617 2372 812 2472 aggrediar,
826 2372 980 2445 breviter
990 2374 1081 2445 facta
1094 2375 1190 2446 orbis
1203 2375 1389 2467 divisione,
1405 2377 1525 2449 Gallia·

459 2493 579 2590 quein
592 2505 709 2590 partes
722 2488 920 2580 distributa,
936 2515 979 2561 eo
991 2490 1089 2587 quod
1099 2492 1173 2588 ejus
1181 2494 1397 2591 populorum
1412 2519 1524 2564 mores

459 2624 495 2680 et
511 2623 610 2680 actus
628 2606 826 2679 describere
843 2609 1067 2705 propositum
1086 2610 1140 2680 sit.
1194 2671 1195 2676 ,

498 2831 506 2860 ¹
525 2848 573 2899 per
585 2847 658 2879 manu
672 2831 697 2880 l.

496 2915 509 2944 ¹
527 2911 578 2965 Sed
592 2931 666 2985 mque
679 2911 827 2984 digesserim
841 2933 914 2965 manu
928 2915 954 2966 3.
970 2913 1062 2966 scilicet
1076 2913 1229 2983 corrigentis.

496 2998 510 3026 ³
527 2995 700 3048 ordinationis
713 3016 776 3048 corr.
791 2998 926 3049 orationis.
