3417 5392
502 563 561 622 no
877 525 1039 617 utonem
1061 555 1135 614 ue.
1162 555 1187 613 1.

496 685 630 780 satique
650 681 685 750 in
714 703 847 764 unuin,
879 677 971 748 tubis
1002 702 1043 748 ac
1074 675 1229 746 clamore
1250 688 1355 771 atque
1380 697 1559 744 armorum

496 800 642 898 strepitu
676 799 711 868 in
748 796 861 866 noctis
888 796 1035 892 caligine
1071 793 1195 864 urbem
1229 791 1426 862 exturbant.
1464 791 1560 862 Unde

495 919 588 988 cives
614 915 767 1002 excitati,
801 937 884 983 cum
917 936 993 983 sese
1012 909 1096 981 dolo
1121 931 1288 1008 pervasos
1312 907 1557 996 advertissent,

494 1035 574 1131 fuga
599 1033 645 1105 ab
666 1029 827 1102 hostibus
847 1029 959 1125 erepti
976 1041 1069 1098 sunt.
1099 1024 1222 1096 Nullus
1241 1039 1376 1121 captus,
1400 1050 1445 1126 qo
1464 1025 1559 1122 quod

492 1149 633 1236 hosteS,
655 1149 691 1217 in
711 1170 823 1216 unum
841 1145 973 1240 juncti,
994 1167 1058 1240 per
1079 1140 1202 1228 urbem
1229 1139 1379 1238 dispergi
1400 1138 1561 1210 formida·

492 1267 630 1339 verint:
653 1263 801 1335 undeet
820 1261 987 1332 omnibus
1006 1259 1209 1357 profugium
1231 1258 1355 1355 patuit.
1381 1257 1484 1327 Cives
1502 1257 1561 1326 ita·

491 1405 562 1478 que
585 1379 746 1466 abducti,
770 1401 791 1447 a
811 1377 932 1449 vicinis
951 1399 1050 1446 erma
1069 1398 1111 1444 ac
1131 1372 1282 1470 reliquas
1306 1373 1490 1472 suppecias
1510 1395 1560 1442 ac-

490 1497 642 1595 cipiunt,
663 1509 699 1566 et
711 1494 769 1565 die
784 1495 908 1591 quinta
925 1491 1168 1588 magnanimes
1189 1490 1226 1559 in
1248 1487 1373 1560 urbem
1387 1488 1556 1559 femntur.

489 1610 692 1681 Suburbani
722 1610 828 1681 etiam
861 1608 1005 1680 feliciter
1033 1605 1258 1677 subveniunt.
1291 1611 1450 1702 Pugnam
1477 1631 1558 1702 ergo

489 1725 752 1824 promptissime
781 1723 973 1813 adhibent3
1005 1723 1206 1795 Adelelmus
1231 1747 1315 1794 vero
1344 1722 1559 1820 clericusque

488 1865 571 1911 cum
594 1841 665 1912 suis
686 1841 856 1912 acerrime
875 1839 1093 1929 renituntur3
1115 1855 1151 1910 at
1167 1837 1305 1936 vulgus,
1328 1839 1390 1935 qui
1413 1838 1451 1909 in
1472 1838 1557 1911 urbe

487 1973 723 2045 remanserat,
751 1956 872 2052 eisque
899 1953 1007 2028 fidem
1032 1970 1252 2026 sacramento
1278 1955 1423 2044 fecerat,
1451 1954 1555 2026 fidem

487 2073 683 2174 abrumpit,
703 2099 744 2145 ac
766 2098 788 2144 a
812 2088 912 2169 tergo
935 2071 1070 2142 duriter
1097 2095 1160 2141 eos
1186 2053 1290 2142 cedit.
1322 2071 1415 2142 Facti
1440 2086 1555 2142 autern

486 2189 644 2261 bostium
662 2190 787 2278 medii,
801 2189 840 2258 in
851 2187 1044 2259 aecclesiam
1056 2187 1176 2284 fugere
1187 2187 1300 2258 coacti
1314 2203 1407 2258 sunt.
1425 2187 1554 2259 Urbani

485 2331 585 2394 vero,
612 2305 658 2376 ab
674 2304 901 2376 interioribus
922 2305 1071 2403 recepti,
1093 2303 1314 2375 Adelelmum
1332 2329 1374 2374 ac
1390 2303 1554 2376 clericum

485 2405 648 2521 persequi
667 2447 741 2493 non
756 2420 991 2510 desistebant;
1011 2420 1195 2518 portisque
1213 2419 1374 2491 eecclesiae
1392 2421 1553 2512 concisis,

484 2539 605 2611 hostes
618 2553 806 2638 appetunt,
821 2563 863 2609 ac
875 2563 974 2608 secus
989 2537 1096 2608 altare
1109 2550 1279 2634 utrosque
1296 2561 1379 2609 cum
1396 2536 1555 2636 pluribus

480 2655 561 2728 aliis
586 2656 776 2727 crudeliter
795 2653 1070 2726 trucidaverunt.
1095 2651 1298 2750 Urbemque
1316 2654 1551 2752 possidentes,

484 2796 550 2844 sua
578 2797 754 2871 recepere.
781 2770 920 2858 Quibus
944 2769 1109 2867 patratis,
1130 2794 1172 2840 ac
1190 2768 1292 2866 legali
1310 2774 1476 2870 repurgio
1494 2799 1552 2846 aec-

485 2889 590 2960 clesia
612 2888 820 2977 emundata,
841 2885 1044 2957 Walbertus
1062 2883 1284 2956 Corbeiensis
1306 2889 1504 2960 monachus
1521 2908 1551 2963 et

485 3003 611 3094 abbas,
631 3003 677 3076 ab
704 3029 784 3100 rege
812 3003 984 3090 donatus,
1011 3026 1076 3100 per
1104 2998 1418 3101 metropolitanum
1444 3006 1550 3078 Artol·

484 3119 573 3192 dum
591 3119 881 3192 Noviomensium
895 3134 1123 3190 consecratur
1141 3119 1338 3218 episcopus.

517 3318 607 3370 LXIV
610 3357 616 3368 .
632 3347 669 3359 —
684 3317 854 3386 Aquitaniae*
875 3329 951 3387 atque
967 3317 1127 3369 Vaseoniae*
1143 3317 1298 3388 principes*
1321 3319 1375 3388 regi
1390 3319 1516 3374 lictberto

835 3400 997 3454 militaturi*
1021 3413 1163 3453 occurrunt
1173 3405 1197 3452 ’ἢ

530 3553 667 3643 interea
690 3547 893 3618 Gothorum
920 3548 1096 3645 principes
1112 3547 1401 3644 ·Ragenmundus
1426 3564 1463 3620 et
1490 3553 1548 3619 Er·

483 3665 694 3762 mingaudus
711 3689 819 3762 super
836 3665 987 3760 Ligerim
1005 3664 1153 3734 fluvium
1172 3665 1243 3760 regi
1263 3663 1467 3737 obvenienti
1487 3667 1548 3737 mi·

480 3784 619 3854 litatum
649 3795 857 3869 occununt,
892 3779 1038 3876 ejusque
1063 3779 1226 3850 manibus
1257 3805 1337 3852 suas
1368 3782 1542 3872 inserunt;

481 3899 643 3971 militiam
654 3895 851 3995 spondent,
868 3920 909 3966 ac
927 3894 1011 3967 inde
1029 3892 1137 3966 fidem
1154 3910 1263 3993 prout
1279 3921 1339 3968 rex
1349 3897 1451 3993 jubet
1467 3923 1548 3970 con-

479 4014 623 4086 cedunt.
651 4017 722 4084 Rex
741 4013 825 4087 inde
844 4011 1020 4108 digressus
1031 4065 1052 4100 ,‚
1064 4011 1099 4080 in
1118 4014 1309 4109 Aquitaniae
1322 4016 1494 4087 exteriora
1511 4043 1545 4088 se

478 4131 639 4203 contulit.
670 4133 751 4216 Quo
781 4129 888 4199 etiam
913 4143 948 4198 et
979 4132 1097 4226 Lupus
1126 4129 1304 4201 Acinarius
1326 4135 1456 4220 Vasco,
1486 4136 1541 4230 qui

513 4304 528 4337 *
548 4301 690 4370 Aquitania
707 4318 753 4365 eo,
770 4318 817 4369 pe,
836 4317 877 4360 nr,
894 4317 925 4349 oc
942 4317 970 4347 rr
986 4300 1086 4366 conject.
