3417 5392
462 542 502 600 76
835 543 1001 606 ΚΙΟΗΕΒΙ
1023 541 1097 604 ttss.
1122 542 1148 600 1.

460 673 671 750 sumeretur,
682 682 818 736 cavero
829 687 950 735 rerum
962 663 1180 753 conditione,
1195 675 1234 734 ut
1246 663 1336 758 regis
1350 662 1523 732 sententia

462 799 506 847 ex
517 775 653 848 collatis
667 777 847 851 beneficiis
864 780 1083 868 intemerata,
1097 779 1312 851 Gislebertus
1325 801 1367 850 ea
1384 793 1523 849 tantum

462 893 568 989 regali
581 893 766 966 clementia
782 897 965 993 reciperet,
988 919 1142 992 quorum
1159 919 1377 995 possessores
1389 917 1454 993 per
1472 908 1525 964 tot

463 1009 518 1078 sui
536 1008 628 1080 exilii
644 1025 803 1108 tempora
817 1011 893 1108 jam
911 1009 1082 1082 obierant.

930 1243 1058 1296 XXXIX.

512 1367 566 1440 Ab
578 1370 681 1441 exibo
694 1371 812 1467 itaque
829 1386 1026 1460 revocatus,
1041 1371 1131 1466 regis
1149 1371 1296 1466 gratiam
1313 1395 1377 1467 per
1388 1370 1526 1441 Heinri-

467 1509 551 1555 cum
560 1501 726 1576 meretur,
738 1511 781 1558 ea
791 1501 923 1576 nmen,
936 1501 975 1558 ut
988 1486 1200 1575 dictumest,
1216 1485 1435 1577 conditione,
1450 1500 1490 1557 ut
1506 1513 1527 1558 a

465 1598 645 1672 beneficiis
670 1627 749 1699 quae
770 1601 963 1673 insolenter
985 1600 1186 1692 diduxerat,
1212 1600 1371 1699 quandiu
1388 1627 1528 1701 posses-

466 1741 563 1788 sores
580 1718 739 1790 viverent
755 1733 887 1809 careat3
909 1743 950 1790 ea
967 1743 1052 1790 vero
1065 1741 1219 1815 quorum
1232 1742 1452 1816 possessores
1465 1744 1530 1818 per

466 1856 580 1904 annos
597 1835 732 1932 aliquot
745 1833 917 1925 obierant,
934 1836 1024 1932 regis
1034 1835 1258 1907 miseratione
1267 1850 1412 1934 repetat.
1431 1837 1530 1908 Reci-

466 1948 519 2046 pit
531 1950 649 2047 itaque
665 1977 743 2048 quae
761 1975 784 2021 a
800 1950 974 2023 defunctis
991 1951 1136 2049 quidem
1154 1950 1319 2023 derelicta
1337 1949 1527 2042 vacabant,

462 2065 658 2138 ,maximam
671 2093 815 2139 suarum
825 2093 946 2139 rerum
958 2084 1107 2167 partem,
1120 2066 1330 2162 Trajectum‚
1338 2071 1356 2137 J
1359 2067 1528 2166 uppilam,

467 2182 692 2274 Harstalium,
710 2187 900 2274 Marsum,
920 2185 1059 2274 Littam,
1080 2189 1372 2283 Capraemontem.
1394 2185 1531 2273 Quibus

465 2297 606 2390 habitis,
623 2299 772 2371 Karolus
789 2324 851 2371 rex
868 2301 906 2371 in
919 2299 1085 2371 Celticam
1105 2299 1211 2390 redit,
1226 2299 1452 2370 Nortmannis
1469 2299 1530 2395 qui

467 2429 643 2487 extremos
659 2416 853 2488 Galliarum
875 2415 963 2488 lines
982 2416 1070 2488 locis
1093 2417 1276 2488 maritimis
1299 2413 1526 2502 infestabant,

467 2532 587 2629 copias
617 2532 745 2605 inferre
774 2558 915 2631 parans.
950 2533 1114 2605 Heinrico
1138 2557 1224 2604 vero
1251 2547 1347 2603 nans
1366 2529 1530 2627 Rhenum

467 2663 593 2719 contra
609 2651 785 2720 Sarmatas
806 2649 979 2747 profecto,
999 2647 1215 2721 Gislebertus
1227 2673 1292 2747 per
1304 2672 1387 2719 suos
1403 2647 1531 2718 imma-

468 2763 561 2834 niter
576 2763 727 2836 vexabat
742 2779 778 2836 et
790 2763 961 2836 atterebat
977 2790 1038 2837 eos
1056 2766 1117 2863 qui
1135 2765 1181 2836 ab
1198 2789 1279 2862 rege
1292 2789 1355 2836 sua
1373 2763 1456 2834 data
1473 2761 1533 2833 ob·

340 2975 344 2981 ,
468 2879 639 2951 tinebant.
672 2880 765 2951 Alios
793 2878 1010 2952 clandestina
1037 2881 1220 2953 invasione
1251 2904 1419 2970 enecanS,
1446 2878 1532 2951 alios

469 2995 684 3067 incessanter
707 3010 747 3067 ut
768 3020 831 3067 sua
851 2995 1053 3094 relinquant
1068 2997 1260 3094 adurgens,
1280 2995 1533 3068 tandemevin-

470 3113 541 3202 cit,
574 3113 717 3209 suisque
751 3112 918 3208 omnibus
954 3115 1106 3212 potitur,
1145 3113 1375 3184 truculentius
1405 3111 1532 3184 exinde

470 3228 508 3299 in
532 3253 652 3326 regem
674 3227 893 3299 machinans.
916 3231 1086 3301 Socerum
1103 3230 1221 3327 itaque
1245 3228 1334 3318 adit,
1362 3229 1465 3327 eique
1488 3227 1531 3300 ab

470 3371 552 3442 rege
565 3343 757 3433 dissuadet,
765 3344 933 3417 celticam
943 3345 1057 3418 solam
1068 3347 1142 3442 regi
1154 3369 1258 3443 posse
1272 3343 1432 3417 sufficere
1445 3369 1532 3416 asse·

470 3486 572 3550 rens,
599 3459 775 3556 Belgicam
791 3485 877 3532 vero
895 3475 1000 3559 atque
1016 3463 1245 3534 Germaniam
1268 3487 1349 3558 rege
1370 3461 1441 3533 alio
1458 3461 1532 3558 plu·

470 3579 601 3650 timum
617 3577 786 3674 indigere.
810 3576 913 3649 Unde
926 3577 977 3666 ‘et,
999 3593 1038 3650 ut
1055 3579 1129 3677 ipse
1146 3580 1183 3650 iu
1201 3600 1351 3675 regnum
1367 3578 1543 3649 coronari.

472 3719 546 3766 non
562 3693 748 3784 abnueret,
774 3694 893 3765 multis
915 3693 1136 3766 suasionibus
1157 3693 1399 3793 permovebat.
1424 3692 1529 3762 Hein-

471 3813 565 3882 ricus
581 3837 666 3884 vero
677 3837 760 3884 cum
776 3811 930 3884 nefanda
944 3837 1027 3884 eum
1040 3811 1188 3884 suadere
1205 3811 1415 3901 adverteret,
1430 3809 1529 3881 dictis

472 3926 651 4001 suadentis
668 3929 863 4000 admodum
877 3930 1019 4020 restitit,
1033 3945 1068 4001 et
1079 3942 1119 4000 ut
1128 3930 1324 4026 quiesceret
1333 3928 1379 4002 ab
1390 3927 1524 4016 illicitis,

474 4047 593 4120 mulus
616 4045 947 4148 amplificationibus
966 4046 1129 4145 agitabat.
