3417 5392
484 505 542 564 146
849 497 1014 560 lilCliERl
1037 501 1113 564 ΗΒ.
1137 500 1178 564 11.

522 698 599 749 xvt.
612 727 648 738 —
659 695 847 767 Belgicorum*
864 695 1050 766 querimonia*
1065 693 1098 748 ad
1110 712 1197 766 regem
1212 713 1289 765 super
1301 696 1357 766 ejus
1366 695 1501 748 lavitata*.

526 860 609 944 Quo
634 867 794 952 tempore
820 852 1043 950 Belgicorum
1059 851 1237 951 principes
1258 849 1306 924 ad
1324 869 1444 948 regem
1466 875 1544 924 con·

478 973 645 1062 veniunt,¹
664 996 706 1042 ac
717 969 880 1042 [auduni
897 968 993 1068 apud
1014 991 1096 1038 eum
1108 967 1310 1065 gravissime
1326 990 1545 1065 conquerun-

478 1105 552 1178 tur,
567 1103 613 1160 ee
622 1086 722 1186 quod
735 1085 956 1158 inconsultus
968 1085 1089 1156 omnia
1102 1098 1257 1182 appetat.
1275 1084 1312 1154 Si
1323 1103 1449 1156 eorum
1463 1099 1544 1181 que

478 1229 548 1304 que
560 1202 715 1277 consiliis
734 1201 956 1298 adquiescat,
971 1201 1009 1271 in
1022 1198 1159 1271 bessuth·
1180 1201 1313 1272 exitum
1324 1223 1380 1272 rea
1394 1213 1475 1272 sttas
1487 1199 1544 1272 de·

476 1336 643 1392 venturas
660 1312 882 1407 memorant3
903 1305 950 1390 ad
962 1314 1042 1408 hoc
1055 1317 1161 1388 etiam
1176 1335 1252 1388 sese
1263 1317 1488 1406 convenisse,
1509 1331 1545 1390 ut

477 1435 588 1535 quid*
605 1435 689 1507 velit
706 1435 756 1507 eis
773 1433 951 1530 injungat,
972 1431 1072 1530 quod
1084 1431 1099 1468 ²
1112 1431 1210 1532 cupit
1229 1431 1375 1528 ingerat.
1397 1433 1433 1504 Si
1445 1431 1541 1526 velit,

475 1552 624 1624 consilio
647 1566 684 1622 et
703 1551 827 1641 armis,
859 1549 1151 1646 terminalique,
1176 1563 1302 1620 contra
1324 1539 1445 1620 hostes
1473 1575 1543 1622 sese

476 1691 738 1765 congressuros.
761 1671 833 1738 Rex
853 1665 899 1737 ab
916 1666 965 1737 eis
979 1665 1050 1737 fide
1070 1680 1250 1763 suscepta,
1271 1690 1355 1737 cum
1368 1665 1480 1737 multa
1491 1665 1544 1739 be

475 1783 668 1856 nivolentia
685 1782 802 1854 redire
812 1782 991 1882 permisit,
1004 1782 1033 1852 si
1044 1779 1186 1852 fortuna
1199 1780 1417 1878 qumdoq'ue
1429 1799 1544 1880 postu·

476 1900 540 1990 let,
556 1898 671 1971 redire
679 1898 820 1995 jubens.
842 1903 915 1970 Nec
935 1897 1048 1969 multo
1060 1912 1142 1997 post
1154 1913 1189 1970 et
1206 1895 1252 1968 ab
1265 1896 1471 1969 AEdelstano
1483 1903 1544 1970 Aa

476 2016 615 2114 glorum
633 2041 715 2112 rege
727 2013 845 2087 classis
863 2015 937 2110 regi
957 2039 1041 2084 cum
1052 2013 1164 2112 copiis
1177 2012 1283 2084 missa
1300 2029 1364 2086 est.
1380 2013 1543 2088 Audierat

475 2133 589 2221 enim,
605 2130 706 2202 illum
717 2129 763 2200 ab
776 2130 817 2200 iis
828 2129 891 2226 qui
906 2129 1084 2199 maritima
1102 2128 1307 2201 incolebant
1320 2129 1417 2222 loca,
1437 2135 1543 2229 exagi-

475 2249 561 2336 tari3
585 2261 711 2317 contra
742 2268 834 2342 quos
863 2242 982 2314 classis
1012 2242 1211 2334 dimicaret,
1245 2245 1389 2342 regique
1424 2249 1542 2344 nepoti

475 2363 643 2436 auxilium
655 2361 773 2433 ferret.
797 2365 991 2458 Comperto
1008 2370 1094 2432 ver'o
1107 2377 1232 2434 contra
1243 2387 1379 2460 regem,
1398 2361 1540 2434 illorum

475 2481 656 2552 neminem
678 2489 787 2567 stare,
807 2477 997 2575 ipsumque
1019 2491 1138 2574 regem
1155 2477 1193 2548 in
1212 2493 1330 2577 partes
1347 2477 1542 2552 Germania

475 2603 687 2696 praepetum
700 2593 891 2680 secessisse,
904 2593 993 2664 mati
1006 2608 1169 2665 remense
1181 2593 1227 2666 ad
1239 2597 1382 2695 propria
1395 2613 1537 2671 remeat.

475 2973 720 3028 xva-nen*
736 2976 763 3028 in
783 2973 930 3046 Belgica**
946 2994 1006 3028 auca
1022 2975 1072 3028 sihi
1089 2975 1212 3030 acciat**
1227 2989 1252 3030 et
1270 2977 1374 3031 Otteuit
1390 2979 1540 3032 fautoree'*

829 3084 897 3138 ultra
916 3083 1082 3138 Rhenum**
1098 3085 1179 3155 fugat.

525 3230 623 3303 Rex⁸
643 3232 680 3301 in
701 3255 794 3330 page
811 3217 955 3303 Elisatio
976 3241 1060 3302 cum
1081 3219 1231 3329 Hu'gone
1251 3227 1429 3331 Cisalpine
1448 3233 1541 3331 pritt-

476 3347 554 3446 cipc
571 3347 728 3444 locatus,
744 3343 902 3443 Belgicos
914 3347 1103 3419 exteriores
1118 3347 1180 3446 qui
1195 3347 1242 3419 ad
1258 3373 1296 3420 se
1314 3347 1479 3433 nendum
1489 3375 1542 3421 ve

475 3480 620 3554 nerant,
646 3463 713 3537 sibi
734 3462 936 3534 asciscebat.
967 3468 1010 3535 Et
1035 3464 1097 3561 qui
1116 3463 1274 3561 partibus
1294 3465 1437 3537 Ottonis
1456 3465 1542 3537 fave

511 3709 527 3745 ¹*
544 3711 580 3774 B,
593 3726 657 3779 que,
670 3704 695 3761 ie
706 3709 810 3760 abscisa.

510 3795 546 3830 θ*
564 3795 615 3858 tte,
628 3807 673 3857 (τι,
686 3807 731 3858 at,
742 3793 871 3858 tam-Rhe
886 3813 916 3844 ex
928 3796 992 3863 conj.

510 3917 518 3948 ⁸
547 3904 552 3934 t
692 3926 697 3938 .

537 3917 594 4020 <a

508 4027 521 4058 a
543 4025 593 4097 qd·
784 4087 787 4092 ,

509 4111 594 4163 ⁸ch
609 4108 761 4179 namqueixi
786 4111 812 4160 i.
839 4108 899 4174 Quae
915 4121 1061 4182 sequuntur,
1088 4109 1243 4161 Ekkcbenles
1264 4112 1324 4162 satis
1338 4111 1412 4162 libere
1430 4115 1456 4162 ia
1474 4131 1539 4163 suum

474 4195 692 4253 usumc'cnvert1'15
708 4193 734 4243 in
754 4191 835 4244 ctdtce
854 4191 912 4244 stilo
927 4195 1041 4245 continuo
1062 4207 1177 4258 exarata,
1191 4213 1234 4245 nec
1250 4209 1276 4245 m
1289 4210 1379 4264 magna
1399 4193 1455 4248 libri
1467 4198 1540 4268 primi

471 4299 530 4351 pars
544 4276 687 4346 corrigendo
702 4277 799 4328 turbata
809 4289 876 4327 saut.
