3417 5392
446 528 506 586 272
785 520 952 583 ntottttttt
976 521 1051 586 ΜΒ.
1075 522 1118 583 ll.

919 1054 1017 1107 XCIX.

498 1224 636 1313 Quibus
647 1224 791 1296 feliciter
803 1238 910 1321 atque
922 1222 1054 1299 utiliter
1070 1220 1219 1311 habitis,
1233 1245 1330 1311 curn,
1344 1235 1520 1293 autumno

450 1357 671 1432 maturante,
693 1340 954 1413 elementorum
977 1340 1177 1411 immutatio
1201 1337 1325 1428 tieret,
1349 1363 1412 1410 rer
1428 1338 1523 1411 cole·

450 1459 524 1530 rico
538 1472 700 1547 vexatuS,
715 1457 752 1527 in
766 1471 907 1529 acutam
919 1456 1054 1528 febrem
1067 1456 1212 1528 decidit.
1231 1458 1323 1526 Cum
1330 1480 1415 1552 ergo
1427 1456 1522 1552 aegrr'-

450 1575 573 1646 tudine
586 1598 728 1673 pressus
739 1627 748 1662 ,
765 1572 929 1644 militaria
942 1597 1066 1644 curare
1081 1598 1156 1644 non
1167 1586 1307 1671 posset,
1328 1570 1402 1643 dux
1414 1570 1461 1643 ab
1478 1596 1522 1645 eo

446 1691 769 1790 jussusexercitum
795 1689 945 1761 reducit.
971 1690 1141 1761 Letoldus
1160 1711 1246 1760 vero
1272 1690 1461 1788 princeps,
1485 1690 1524 1760 in

450 1811 526 1909 ipsa
549 1809 640 1906 regis
662 1806 870 1905 aegritudine
897 1806 1101 1879 fidelissime
1118 1822 1242 1904 ‘atque
1268 1806 1525 1881 humanissime

450 1927 526 2023 regi
539 1924 740 2027 famulatur.
758 1929 801 1997 At
814 1924 873 1997 die
891 1926 1021 1997 cretica
1039 1939 1123 2023 post
1145 1922 1252 1995 febris
1272 1924 1439 2013 initium,
1463 1925 1526 1995 inr-

451 2038 583 2137 pariter
593 2038 770 2124 veniente,
792 2034 939 2109 firmiter
950 2048 986 2109 et
999 2034 1191 2108 inrecidive
1200 2035 1392 2107 convaluit.
1404 2039 1526 2107 Trans·

452 2146 609 2243 actisque
628 2144 754 2218 diebus
766 2147 840 2219 30·
868 2161 951 2245 post
964 2147 1124 2244 eorporis
1141 2146 1423 2245 reparationem,
1443 2171 1526 2218 curn

397 2256 401 2265 ’
453 2262 602 2333 Letoldo
622 2263 783 2361 principe
796 2263 833 2333 in
852 2263 1037 2333 Franciam
1054 2260 1157 2332 redit.

956 2497 988 2549 C,

504 2658 549 2728 Et
561 2680 644 2727 curn
651 2655 727 2752 jam
738 2654 951 2752 Burgundiae
960 2672 1118 2754 ernema
1130 2659 1335 2755 attingeret,
1350 2660 1525 2732 viatorum

457 2773 571 2845 relatu
583 2773 777 2873 comperit,
802 2772 979 2871 quosdam
991 2774 1053 2871 qui
1071 2774 1265 2847 latrociniis
1283 2790 1319 2848 et
1339 2774 1524 2848 discursio·

457 2889 564 2961 nibus
582 2890 806 2989 provinciam
817 2888 1047 2980 infestabant,
1070 2892 1322 2990 Angelbertum
1336 2892 1469 2965 scilicet
1490 2909 1525 2965 et

457 3004 695 3097 Gozbertum,
728 3006 965 3093 munitionem
993 3032 1072 3107 quae
1101 3008 1286 3081 dicebatur
1310 3009 1440 3081 Briona
1469 3034 1525 3081 ex·

457 3123 644 3214 struxisse,
665 3148 739 3221 quo
753 3124 860 3195 etiam
877 3140 961 3223 post
977 3124 1150 3223 flagitiosa
1162 3125 1327 3201 exercitia
1346 3151 1423 3199 sese
1444 3126 1526 3198 reci·

457 3238 613 3339 piebant.
628 3244 728 3312 Hanc
746 3240 851 3338 igitur
868 3266 931 3314 rex
947 3266 1149 3340 aggressus,
1178 3242 1364 3316 obsidione
1382 3242 1526 3315 ciream·

458 3356 540 3447 dat;
566 3380 759 3455 pugnaque
784 3360 955 3432 continua
981 3386 1023 3433 ao
1046 3360 1140 3433 farne
1160 3362 1296 3452 atterit3
1325 3375 1361 3433 et
1382 3359 1524 3432 tandein

457 3475 573 3574 capit,
589 3473 843 3575 solotenusque
865 3478 986 3550 diruit.
1007 3477 1240 3590 lptroneulos
1258 3500 1365 3568 vero,
1386 3492 1526 3575 petente

456 3589 606 3663 Letoldo
623 3590 691 3663 sub
704 3610 929 3667 sacramento
947 3594 1045 3667 abire
1062 3596 1245 3695 permittit.

492 3857 501 3888 ¹
522 3876 556 3909 xx
572 3876 635 3910 corr.
650 3878 713 3912 xxx.
