3417 5392
460 556 519 629 eoa
826 552 992 615 arcuum
1014 551 1089 612 ua
1112 552 1157 613 u.

462 672 530 761 eis,
558 688 737 765 asserunt,
765 672 947 745 nullorum
968 672 1225 745 interventibus
1251 697 1332 758 sese
1345 696 1535 745 concessu·

462 814 538 878 ros,
561 803 598 860 at
615 790 795 863 obsidioni
815 815 928 887 usque
952 789 998 861 ad
1020 788 1185 861 ellectum
1205 815 1351 889 operam
1369 788 1531 861 datum

462 904 569 992 Quod
588 908 617 978 si
634 909 761 981 urbem
779 910 814 979 vi
833 908 912 1005 capi
936 906 1137 1003 contingat,
1159 907 1225 1006 ipsi
1246 906 1385 1006 presuli
1409 905 1534 977 oculos

462 1022 674 1117 effossuros,
703 1042 739 1097 et
759 1025 831 1096 hoc
853 1026 904 1095 ita
926 1022 1131 1129 ordinatum
1153 1022 1347 1122 fixumque.
1372 1021 1477 1125 Unde
1499 1033 1535 1095 et

463 1124 736 1221 accelerandum
748 1158 787 1213 ut
798 1140 1010 1239 egrediatur,
1026 1139 1363 1239 suosqueabregum
1374 1139 1535 1237 indigna-

463 1265 562 1337 tione
575 1262 710 1361 eripiat.
728 1258 790 1329 His
808 1257 935 1357 praesul
947 1259 1107 1348 territus,
1121 1258 1193 1329 suis
1205 1255 1277 1329 boc
1288 1272 1483 1347 monstrat;
1498 1271 1535 1327 et

465 1378 613 1452 consilio
630 1375 773 1465 habito,
795 1373 853 1445 dic
866 1373 1062 1445 obsidionis
1073 1389 1187 1465 sexta,
1213 1399 1297 1445 cum
1312 1374 1386 1444 suis
1397 1371 1534 1471 egredi·

465 1512 534 1567 tur.
551 1480 690 1565 Portae*
715 1489 855 1587 regibus
868 1489 1086 1590 panduntur.

955 1739 1027 1790 tvl.

514 1913 623 2006 Reges
652 1931 738 1978 vero
766 1906 952 1978 Artoldum
982 1919 1221 2014 resumentes,
1259 1902 1386 1978 urbem
1413 1928 1537 1977 conse·

465 2040 616 2123 quenter
643 2022 886 2094 introducunt.
916 2024 1152 2119 Duorumque
1180 2018 1536 2118 metropolitanorum

468 2140 628 2231 medius,
645 2139 811 2211 Friderici
828 2139 1046 2237 Maguntini,
1064 2163 1106 2208 ac
1118 2135 1276 2208 Rotberti
1287 2138 1533 2229 TreverensiS,

465 2257 574 2330 abeis
587 2282 652 2357 per
666 2282 792 2328 manus
809 2256 965 2355 pristinae
976 2253 1051 2326 sedi
1064 2254 1245 2325 restitutus
1264 2269 1327 2326 cst.
1345 2252 1414 2325 Ubi
1430 2255 1536 2327 etiam

465 2394 550 2447 mox
560 2373 778 2470 Gerbergam
793 2373 953 2469 reginam
965 2396 1049 2443 cum
1061 2370 1198 2469 aliquot
1209 2370 1402 2443 illustribus
1417 2388 1536 2445 custo·

466 2491 532 2563 diae
543 2491 771 2588 deputantes,
788 2490 854 2588 ipsi
866 2504 936 2560 tres
946 2513 1045 2586 reges
1055 2490 1092 2559 in
1106 2494 1294 2585 Hugouem
1305 2488 1438 2562 ducem
1452 2516 1535 2563 cum

466 2604 620 2680 exercitu
646 2606 818 2679 feruntur.
847 2604 1007 2677 Silletum
1033 2630 1177 2703 quoque
1204 2605 1240 2676 vi
1262 2606 1459 2705 irrumpere
1483 2607 1536 2677 ni·

465 2740 600 2814 tentes,
619 2723 843 2795 considerato
856 2720 981 2821 oppidi
994 2719 1238 2811 firmamento,
1260 2722 1343 2793 inde
1361 2722 1535 2794 amoliun-

466 2857 543 2933 tur,
565 2855 773 2913 nontamen
786 2840 862 2911 sine
878 2837 1036 2909 suburbii
1058 2836 1324 2929 combustione,
1347 2854 1384 2911 et
1399 2838 1535 2937 aliquo·

464 2983 545 3030 rum
556 2983 666 3038 nece;
686 2958 807 3055 sicque
819 2956 864 3027 ad
884 2956 1031 3045 fluvium
1046 2958 1247 3053 Sequanam
1264 2954 1500 3028 contendunt.

497 3156 585 3209 LVII.
597 3186 635 3198 -
644 3152 787 3223 Quomodo
802 3154 880 3224 pauci
897 3155 1005 3225 juvenes
1016 3154 1033 3188 *
1044 3171 1122 3206 naves
1133 3172 1149 3205 a
1160 3151 1228 3206 duee
1237 3152 1254 3187 ⁸
1268 3152 1410 3207 subductas
1420 3155 1495 3226 per*

676 3238 798 3291 astutiam
809 3240 823 3267 ³
837 3238 960 3309 repetitas
967 3238 1117 3291 *exercitui
1129 3237 1286 3292 adduxerint
1294 3239 1321 3290 ’ἦ

508 3396 589 3463 Dux
619 3416 706 3462 vero
736 3414 862 3461 corum
894 3390 1084 3489 impeturn
1100 3391 1348 3488 praesentiens,
1378 3415 1401 3461 a
1428 3390 1530 3464 litore

459 3507 621 3580 hostibus
637 3508 807 3603 contiguo
825 3531 891 3605 per
908 3508 1031 3605 viginti
1044 3506 1192 3578 miliaria
1204 3532 1330 3579 omnes
1343 3532 1453 3581 naves
1468 3509 1530 3581 ab·

459 3625 543 3696 duci
555 3638 789 3722 praeceperat,
811 3648 858 3695 ne
879 3623 1088 3696 adversariis
1105 3625 1313 3697 transeundi
1333 3626 1530 3698 commodi·

459 3755 511 3811 tas
532 3755 726 3837 pararetur.
754 3746 796 3811 At
811 3740 984 3813 ¹frustrato
1004 3742 1080 3838 ejus
1093 3742 1267 3845 consiliu,
1293 3743 1408 3815 multo
1431 3743 1530 3815 aliter

458 3858 664 3957 provenisse
687 3871 815 3929 notum
841 3873 906 3930 est.
935 3862 1025 3931 Nam
1056 3860 1181 3932 decem
1207 3886 1357 3932 nomem
1381 3862 1529 3957 juvenes

459 3972 588 4071 quibus
609 3976 787 4045 constanti
815 3991 935 4047 mente
958 3976 1068 4048 lixum
1086 3980 1170 4050 'erat
1198 3973 1305 4051 omne
1330 3978 1529 4078 periculum

490 4209 507 4242 ¹
523 4208 653 4279 juv‚ad‚
672 4228 761 4279 pera,
777 4222 829 4275 tas,
847 4209 881 4263 ad
896 4211 1000 4263 abscisa.

492 4294 500 4323 ¹
520 4292 550 4353 P,
567 4308 671 4361 quoque
685 4291 776 4344 detera.
