3417 5392
488 517 548 579 166
853 513 1017 573 RlCIlElll
1040 513 1114 576 LlB.
1138 513 1181 574 11.

486 635 601 707 rediit.
624 638 709 706 Otto
726 658 811 706 vero
834 639 1021 732 Hugonem
1042 634 1078 704 in
1099 633 1189 730 regis
1211 633 1358 728 gratiam
1380 631 1550 703 reducere

455 790 459 808 ·
486 748 675 846 satagebat.
697 753 814 836 Quem
832 747 951 819 multis
968 747 1159 820 verborum
1176 745 1325 818 stimulis
1337 744 1552 818 familialiter

486 891 527 939 ac
540 865 610 938 levi
627 866 746 938 lurore
757 867 984 965 redarguens,
1001 865 1157 964 eoquod
1173 866 1248 964 regi
1266 891 1331 937 suo
1344 865 1548 956 contrairet,

486 984 743 1083 dominumque
769 985 934 1056 insectari
956 1009 1031 1055 non
1050 982 1267 1074 formidaret,
1290 981 1338 1054 ad
1362 1006 1483 1079 regem
1501 1007 1551 1054 re·

486 1101 562 1175 dire
583 1101 708 1174 effecit.
737 1105 782 1172 Et
800 1117 961 1200 tempore
982 1099 1183 1198 oportuno,
1209 1099 1440 1197 prudentium
1463 1099 1553 1198 lega·

486 1217 642 1290 tionibus
662 1219 861 1318 premissis,
892 1219 965 1314 regi
984 1217 1113 1296 ducem
1133 1216 1282 1308 reducit,
1309 1215 1445 1314 sibique
1469 1240 1552 1288 oon·

486 1335 591 1408 ciliat.

522 1897 611 1950 XXX.
623 1927 660 1938 -—
670 1898 822 1968 Principum
833 1897 905 1980 apud
916 1915 1003 1969 regem
1022 1909 1182 1962 conventus,
1203 1915 1234 1950 ec
1247 1895 1370 1950 Wilelmi
1385 1896 1414 1948 in
1425 1913 1519 1948 eomm

860 1982 983 2035 contione
1001 1981 1177 2034 tumultuatio.

422 2229 425 2233 ,
535 2137 635 2205 Duce
652 2159 736 2230 ergo
755 2135 793 2204 in
807 2134 992 2231 pristinam
1005 2134 1152 2230 gratiam
1173 2146 1352 2222 revocato,
1373 2153 1458 2202 cum
1480 2130 1552 2226 ipse

487 2249 616 2320 virtute
634 2265 668 2320 et
681 2249 792 2347 copiis
807 2250 1042 2340 antecelleret,
1068 2249 1126 2320 alii
1143 2264 1399 2345 consequenter
1416 2245 1550 2319 reducti

487 2380 581 2436 sunt.
603 2364 778 2436 Omnibus
793 2365 912 2462 itaque
926 2364 972 2436 ad
986 2391 1105 2463 regem
1119 2367 1278 2455 reversis,
1295 2365 1332 2435 in
1351 2363 1437 2436 lisco
1456 2363 1551 2460 regio

488 2481 646 2552 atiniaco
667 2480 888 2580 principibus
911 2480 956 2551 ab
978 2507 1059 2579 rege
1085 2497 1167 2580 post
1189 2480 1264 2553 dies
1286 2480 1427 2578 triginta
1448 2479 1553 2550 collo·

488 2599 613 2694 quium
633 2597 840 2669 habendum
864 2597 1042 2669 indicitur.
1066 2603 1109 2669 Et
1126 2598 1184 2670 die
1204 2599 1394 2668 constituta
1417 2621 1480 2667 rex
1507 2595 1551 2666 ibi

488 2739 571 2785 cum
583 2714 848 2813 provinciarum
866 2715 1084 2813 principibus
1101 2716 1211 2805 alluit,
1232 2711 1554 2812 Hugonevidelicet

488 2845 727 2928 cognomento
747 2834 896 2928 Magno,
919 2830 1064 2901 Amulio
1077 2831 1313 2920 Morinorum,
1327 2829 1496 2902 Wilelmo
1507 2831 1554 2928 pi·

489 2963 645 3019 ratamm
656 2947 819 3038 ducibus,
831 2973 873 3018 ac
882 2947 1068 3019 Heriberto
1079 2948 1232 3018 tiranno.
1246 2953 1319 3018 Nec
1330 2946 1441 3019 defuit
1451 2927 1555 3018 Saxo·

489 3065 555 3136 niae
568 3090 629 3136 rex
642 3068 739 3135 Otto.
762 3062 963 3134 Ludovicus
978 3088 1040 3134 rex
1053 3089 1135 3134 cum
1155 3064 1192 3134 in
1210 3061 1370 3134 conclavi
1384 3087 1460 3136 sese
1474 3087 1553 3134 cum

488 3185 622 3253 Ottone
638 3205 721 3277 rege
741 3180 804 3252 ac*
823 3179 1041 3278 principibus
1061 3180 1260 3278 recepisset,
1277 3179 1425 3251 consilio
1445 3179 1554 3250 incer·

488 3313 565 3369 tum
578 3321 624 3368 an
642 3296 802 3386 fortuitu,
823 3293 919 3366 solus
930 3295 1115 3367 Wilelmus
1126 3294 1198 3366 dux
1212 3295 1386 3400 admissus
1395 3319 1472 3365 non
1490 3309 1550 3365 est.

488 3413 633 3484 Diucius
651 3439 735 3510 ergo
754 3413 873 3485 afforis
892 3427 1117 3511 exspectans,
1147 3439 1229 3484 cum
1252 3438 1326 3484 non
1345 3427 1551 3498 vocaretur,

488 3555 567 3602 rem
584 3532 705 3602 animo
724 3532 813 3601 irato
835 3530 980 3602 ferebat.
996 3529 1152 3602 Tandem
1170 3531 1207 3600 in
1225 3531 1315 3600 iram
1332 3554 1480 3618 versus,
1507 3544 1555 3600 ut·

489 3661 574 3744 pote
591 3671 700 3717 mauu
719 3661 756 3717 et
776 3645 918 3717 audatia
934 3645 1080 3736 nimius,
1108 3645 1242 3717 loribus
1264 3644 1390 3718 clausis
1413 3647 1488 3716 vim
1505 3647 1554 3716 in·

490 3763 588 3852 tulit,
610 3787 651 3833 ac
667 3778 860 3834 retrorsum
873 3761 1115 3834 vibrabundus
1131 3763 1144 3799 ²
1161 3762 1288 3860 adegit.
1306 3768 1554 3860 Ingressusque

489 3879 622 3952 lectum
639 3881 864 3977 conspicatur
881 3879 1149 3975 gestatorium3⁸
1167 3880 1203 3950 in
1217 3904 1290 3976 quo
1304 3879 1411 3950 etiam
1424 3891 1553 3975 aparte

526 4091 532 4119 ¹
553 4107 615 4140 cum
629 4091 653 4138 l.

524 4175 535 4203 ¹
554 4170 667 4224 fervidus
681 4174 705 4221 l.

525 4258 535 4286 ²
553 4275 579 4325 g.
592 4255 771 4326 pulvinaribus
785 4275 814 4306 ac
826 4256 915 4308 ceteris
928 4251 1074 4308 necessariis
1085 4271 1190 4308 stratum
1203 4260 1227 4306 l.
