3417 5392
456 507 516 569 26⁴
822 506 988 567 BlCHElll
1011 506 1085 567 LlB.
1109 506 1153 569 ll.
1224 502 1227 504 ’

954 709 1025 760 XCI.

504 864 707 937 Ludovicus
731 890 815 963 ergo
833 890 896 936 rex
917 865 1006 938 urbe
1027 867 1178 966 potitus,
1206 889 1290 936 cum
1307 866 1406 937 nulla
1423 890 1531 966 expu-

456 983 624 1078 gnatione
636 982 763 1053 turrim
774 983 936 1054 evincere
951 998 1090 1081 posset,
1107 982 1153 1053 ab
1162 981 1252 1054 urbe
1266 1008 1345 1054 eam
1357 983 1527 1073 secludit,

457 1106 617 1179 obducto
638 1106 849 1178 intrinsecus
877 1130 995 1177 muro.
1021 1106 1129 1193 Quod
1143 1105 1276 1177 lactum
1295 1106 1369 1177 dux
1386 1131 1533 1209 compe-

457 1224 571 1315 riens,
586 1248 671 1295 cum
682 1224 838 1295 exercitu
849 1222 1033 1295 accelerat.
1065 1226 1108 1293 At
1123 1222 1212 1292 nihil
1234 1222 1364 1293 virium
1388 1248 1532 1294 exerere

458 1339 600 1431 valens,
623 1365 699 1412 non
713 1340 788 1411 sine
807 1364 948 1411 merore
961 1338 1009 1411 ad
1019 1364 1083 1410 sua
1097 1339 1200 1422 redit.
1220 1339 1313 1410 lllud
1326 1354 1469 1411 tantum
1486 1339 1532 1410 fe·

456 1458 546 1529 cisse
560 1458 682 1543 fertur,
696 1456 796 1553 quod
815 1458 888 1528 arci
898 1456 1021 1555 copias
1034 1456 1226 1529 demiserit.

954 1655 1042 1707 XCII.

510 1828 640 1901 Aderat
660 1844 886 1929 tempusque
900 1854 962 1900 rex
982 1829 1104 1927 copias
1126 1827 1172 1899 ab
1190 1831 1324 1899 Ottone
1347 1852 1429 1925 rege
1449 1852 1537 1927 prm·

462 1944 669 2016 stolabatur.
685 1945 792 2018 Adest
805 1970 890 2043 ergo
903 1945 1117 2018 Chcnradus
1135 1944 1209 2017 dux
1224 1969 1307 2016 cum
1321 1944 1476 2015 exercitu
1496 1970 1537 2015 ex

464 2075 538 2133 tcta
555 2061 711 2159 Belgica,
743 2061 789 2133 ab
808 2065 943 2133 Ottone
964 2086 1046 2158 rege
1064 2062 1203 2132 missus.
1230 2061 1433 2131 Ludovicus
1450 2085 1536 2132 vero

464 2203 526 2248 rex
543 2202 627 2286 curn
646 2178 800 2249 exercitu
819 2176 865 2249 de
882 2177 1020 2274 Belgica
1040 2177 1142 2248 ducis
1164 2192 1297 2248 terram
1325 2168 1536 2274 ingreditur,

465 2294 624 2365 Primum
635 2318 721 2365 vero
742 2292 868 2366 urbem
882 2294 1044 2366 silletum
1066 2295 1158 2366 adit,
1173 2294 1227 2364 lbi
1244 2309 1365 2366 autem
1380 2294 1538 2393 primum

465 2425 645 2482 certamen
657 2408 789 2481 babere
801 2408 939 2500 volens,
959 2410 1216 2508 impedimenta
1226 2434 1377 2508 quaeque
1389 2409 1435 2480 ab
1451 2408 1539 2481 urbe

466 2540 621 2599 amovet.
649 2525 840 2598 Succendit
852 2526 972 2625 itaque
986 2526 1216 2617 suburbium,
1237 2528 1539 2623 circumquaque,

387 2740 392 2749 Ι
467 2672 509 2720 ac
520 2648 691 2747 quicquid
700 2649 917 2720 extrinsecus
935 2664 1071 2721 exstare
1084 2648 1284 2740 videbatur,
1305 2648 1541 2747 inplaniciem

467 2766 605 2863 redigit.
634 2764 871 2837 Obsidionem
899 2764 1068 2863 deputat,
1101 2764 1301 2864 urbemque
1329 2764 1539 2837 circumdat.

469 2884 577 2955 Gravi
606 2906 796 2979 congressu
820 2881 1000 2979 utrimque
1030 2879 1238 2954 dimicatum
1261 2897 1326 2955 est.
1357 2882 1543 2978 Utrimque

469 2997 723 3097 quamplurimi
741 2999 955 3072 sauciantur.
984 2998 1097 3096 Belgae
1114 3023 1200 3070 vero
1221 3000 1305 3096 quia
1327 2998 1373 3071 ab
1398 2998 1543 3070 urbanis

471 3115 624 3185 nimium
636 3112 854 3185 arcobalistis
872 3114 1149 3214 impetebantur,
1166 3116 1327 3187 resistere
1340 3116 1539 3214 quiescunt.

472 3229 566 3301 Nihil
584 3231 681 3302 enim
694 3247 819 3302 contra
836 3232 906 3301 nisi
923 3246 1063 3302 tantum
1080 3247 1265 3304 scutorum
1277 3232 1457 3303 testudine
1471 3246 1544 3304 ute·

471 3346 615 3419 bantur.
639 3346 742 3419 Unde
762 3362 798 3419 et
819 3346 917 3444 regio
939 3348 1061 3443 jussu,
1085 3347 1132 3419 ab
1156 3371 1199 3420 ea
1224 3347 1314 3421 urbe
1336 3347 1542 3437 discedunt,

474 3488 549 3534 non
568 3463 687 3534 solum
698 3462 747 3534 ob
764 3462 1053 3535 arcobalistarum
1072 3451 1268 3563 impetum,
1294 3490 1422 3538 verum
1441 3465 1546 3537 etiam

477 3579 526 3651 ob
539 3582 689 3653 turrium
700 3579 935 3679 plurimarum
948 3580 1225 3655 firmamentum.
