3417 5392
788 811 1195 925 PROLOGUS.

919 1125 1054 1140 *a

516 1350 687 1419 nouruo
713 1350 767 1419 su
790 1351 1043 1421 nnlrrsuuo
1064 1350 1195 1425 rium
1218 1305 1464 1430 ouuiuuro,

694 1484 913 1556 ruuouuu
937 1484 1292 1568 incursuscoro,

673 1705 967 1818 urcunuus
1004 1706 1324 1784 uouleuus.

507 1945 704 2014 Gsmonuu
721 1943 966 2039 congressibus
983 1944 1020 2014 in
1032 1944 1213 2015 volumine
1226 1941 1446 2040 regerendis,
1461 1943 1524 2012 im·

458 2059 548 2156 perii
566 2059 630 2148 tui,
650 2073 751 2156 pater
763 2059 1167 2156 sanctissimeGerbertc
1181 2059 1407 2148 ⁸‚auctoritas
1425 2059 1525 2130 semi·

457 2174 599 2245 narium
617 2172 726 2244 dedit.
748 2177 882 2262 Quam,
903 2175 987 2272 quia
1006 2200 1181 2247 summam
1203 2173 1389 2246 utilitatem
1406 2173 1522 2264 affert,

458 2306 494 2361 et
511 2313 632 2361 rerum
646 2288 793 2360 materia
801 2313 877 2361 sese
891 2290 1072 2389 multiplex
1085 2290 1097 2326 ²
1110 2290 1254 2390 praebet,
1271 2315 1314 2363 eo
1328 2291 1438 2362 animi
1449 2291 1525 2362 nisu

458 2405 690 2504 complector,
712 2429 783 2502 qua
796 2403 953 2501 jubentis
971 2408 1061 2479 mira
1076 2405 1313 2479 benivolentia
1327 2407 1523 2506 pertrahor.

460 2521 568 2617 Cujus
583 2522 634 2593 rei
647 2521 787 2592 initium
799 2521 945 2594 avicino
955 2522 1159 2595 ducendum
1171 2524 1365 2622 existimavi
1376 2524 1405 2614 ⁸,
1419 2527 1524 2596 cum*

461 2663 518 2709 res
537 2637 650 2710 multo
664 2652 746 2708 ente
759 2652 884 2734 gestas,
906 2639 994 2710 divre
1007 2639 1210 2712 memoriae?
1227 2639 1437 2722 Hincmurus
1449 2657 1528 2716 ante

464 2769 501 2825 te
518 2754 554 2824 in
568 2745 776 2851 pontificatu
795 2769 940 2825 octavus
950 2754 986 2844 ⁰,1
1000 2755 1071 2826 suis
1088 2753 1273 2827 annalibus
1290 2756 1529 2856 copiosissime

466 2869 654 2957 annexuit3
669 2883 839 2966 tantoque
848 2871 1030 2968 superiora
1042 2869 1153 2942 lector
1165 2895 1207 2942 ea
1215 2871 1383 2964 inveniet,
1398 2889 1529 2971 quanto

466 3011 487 3058 u
504 2986 619 3056 nostri
632 2985 792 3083 opusculi
806 2987 966 3076 exordio,
982 3012 1046 3085 per
1059 2987 1133 3083 ejus
1147 3003 1281 3086 regestu
1294 3014 1370 3062 sese
1382 2991 1526 3063 attollet.

467 3105 512 3173 Et
521 3102 594 3172 hoc
608 3099 767 3198 inquam,
788 3125 834 3172 ne
847 3102 1059 3173 Karolorum
1077 3103 1297 3203 aliorumque
1315 3106 1480 3204 frequens
1495 3109 1530 3180 in

467 3233 622 3314 iitroque
639 3239 748 3315 opere
765 3217 939 3316 repetitio,
953 3219 1069 3316 operis
1082 3221 1264 3318 utriusque
1282 3221 1444 3295 ordinem
1463 3239 1532 3295 tur·

468 3333 542 3404 bet.
570 3331 638 3403 Ubi
660 3333 756 3437 enim
785 3357 905 3403 rerum
923 3333 1013 3404 ordo
1036 3359 1114 3439 nont
1129 3336 1344 3431 udvertitur,
1370 3355 1468 3412 tanto
1485 3343 1533 3413 ni·

360 3520 365 3531 ,
471 3464 606 3520 tentem
623 3473 723 3521 error
746 3434 945 3539 confundit,
968 3466 1103 3548 quanto
1125 3476 1146 3522 a
1164 3454 1252 3525 serie
1269 3455 1404 3527 ordinis
1421 3480 1535 3528 erran·

474 3582 544 3636 tem
557 3565 705 3636 seducit.
716 3565 818 3636 Unde
826 3590 909 3635 cum
922 3565 980 3636 hic
992 3582 1099 3663 atque
1112 3567 1181 3639 illic
1194 3593 1285 3667 saepe
1299 3571 1430 3662 llaroli,
1447 3597 1534 3670 saepe

513 3809 575 3861 ¹·G.
595 3807 680 3860 coda.

511 3896 522 3925 ²
540 3913 557 3945 x
575 3895 681 3943 evanuit.

513 3979 524 4008 ⁵
542 3976 638 4028 ducere
652 3975 723 4027 volui
737 3975 767 4024 ab
781 3989 879 4026 auctore
891 3989 1019 4037 mutuum,
1037 3989 1063 4026 ut
1076 3997 1157 4047 sapim.

511 4064 522 4093 ⁴
540 4081 567 4115 m
585 4064 690 4112 evanuit.

510 4148 522 4176 ³
540 4145 568 4197 d.
583 4163 620 4196 m.
636 4142 721 4195 codex.

512 4233 524 4258 ⁶
543 4232 623 4280 Prima
637 4247 709 4278 manu
722 4225 878 4276 Hiucmarus
891 4239 950 4277 unte
964 4239 988 4277 te
1003 4227 1125 4296 septimus
1138 4228 1280 4280 Remorum
1295 4235 1520 4302 metropolitanus.
