3417 5392
440 552 501 610 2⁵20
829 544 995 606 tttcttttttt
1017 544 1092 608 ΗΒ.
1118 542 1161 603 ll.

439 670 548 742 dione
575 682 756 768 premunt.
784 666 1043 740 Diffunduntur
1070 687 1215 764 quoque
1235 661 1383 760 passim,
1409 674 1517 756 atque

439 788 656 861 frumentum
679 811 721 858 ex
740 785 828 857 locis
841 784 1018 881 contiguis
1038 782 1075 854 in
1100 804 1204 853 usum
1217 804 1344 878 pugnae
1363 800 1518 849 convec-

439 919 527 976 tant.
548 908 670 975 Castra
691 903 793 985 fossis
817 904 1001 992 muniunt,
1028 898 1255 996 cratibusque
1276 894 1512 967 circumdant.

441 1024 600 1117 Pugnam
623 1044 708 1117 ergo
733 1020 770 1116 in
798 1018 875 1091 dies
892 1031 954 1092 aut
970 1015 1081 1089 semel
1100 1030 1160 1087 aut
1177 1014 1233 1085 bis
1250 1012 1417 1085 inferunt.
1442 1013 1517 1081 Nec

439 1138 559 1209 minus
583 1153 618 1209 et
641 1138 736 1209 cives
759 1135 1068 1208 vehementissime
1095 1135 1273 1205 resistunt.
1303 1134 1453 1226 Jamque
1476 1126 1515 1198 id

440 1254 566 1326 diebus
580 1278 731 1325 numero
744 1278 877 1341 novem
894 1250 1095 1349 agitabant,
1114 1275 1198 1349 cum
1215 1272 1334 1347 regem
1351 1245 1442 1317 adeo
1462 1246 1515 1315 in·

441 1372 626 1469 dignatum
639 1372 777 1469 regredi
787 1369 834 1442 ab
845 1369 1136 1443 observatoribus
1149 1369 1345 1450 nuntiatur.
1367 1370 1409 1435 Et
1428 1387 1515 1435 mox

442 1494 630 1567 obsidione
643 1493 776 1585 soluta,
794 1485 1011 1567 duodecima
1026 1492 1085 1565 die
1102 1489 1148 1564 ab
1166 1489 1255 1562 urbe
1268 1487 1469 1561 discedunt.

923 2502 1025 2563 nxm'.

488 2686 561 2755 Nec
579 2682 641 2755 diu
659 2698 817 2755 moratus
831 2708 893 2755 rex
906 2682 1038 2777 ¹urbem
1049 2682 1291 2756 succurrendo
1302 2682 1511 2781 ingreditur.

441 2801 545 2901 Apud
567 2824 675 2899 quem
701 2826 786 2873 mox
804 2803 984 2901 principes
1001 2799 1158 2893 collecti,
1186 2802 1232 2874 dc
1256 2803 1332 2899 ejus
1355 2827 1397 2873 ac
1419 2826 1515 2875 com·

421 3004 427 3013 .
440 2919 542 2990 muni
555 2918 666 2991 salute
680 2918 895 2992 consultant.
911 2924 956 2991 Et
967 2921 1051 3017 quia
1063 2945 1183 2991 rerum
1201 2918 1331 3020 utilitas
1342 2923 1512 2991 Ottonem

439 3036 595 3107 consiliis
612 3037 779 3109 interesse
792 3037 968 3135 exigebat,
990 3038 1190 3136 diriguntur
1202 3038 1325 3136 legati,
1345 3063 1410 3136 per
1421 3063 1513 3135 quos

440 3144 497 3226 ei*
529 3155 717 3229 necessitas
741 3154 1026 3248 demonstratur,
1043 3182 1092 3243 ¹ac
1105 3156 1346 3255 colloquium,
1362 3172 1513 3229 exeunte

439 3296 562 3343 mense
575 3273 751 3368 Auguste,
779 3270 845 3344 sibi
861 3272 1069 3345 habendum
1086 3298 1188 3347 secus
1210 3273 1360 3346 fluvium
1382 3276 1512 3344 Karana

439 3385 680 3459 denuntiatur.

928 3523 1025 3576 Lxlv.

488 3684 579 3751 Cum
591 3680 666 3753 haec
678 3683 728 3755 sic
740 3708 817 3755 sese
833 3682 1029 3775 haberent,-
1044 3684 1116 3756 dux
1133 3700 1303 3784 nepotem
1320 3684 1366 3756 ab
1385 3709 1512 3783 praesu·

439 3794 511 3867 latu
525 3796 668 3894 pulsum
685 3797 844 3872 dolebat.
860 3786 1038 3875 Suadebat
1055 3805 1174 3900 itaque
1188 3818 1229 3874 ut
1241 3802 1361 3874 officio
1373 3802 1512 3901 pontifi-

438 3910 505 3985 cali
518 3914 670 4014 amplius
684 3917 872 4009 insisteret,
886 3935 941 4009 et,
956 3945 1002 3991 ne
1015 3920 1173 4018 privatus
1187 3920 1329 4017 penitus
1342 3914 1511 4015 dignitate

437 4030 635 4125 videretur,
670 4032 804 4132 aliquas
832 4036 880 4108 ad
905 4036 1036 4134 gradus
1065 4051 1294 4136 promoveret
1324 4060 1506 4135 personas.

474 4304 482 4337 ¹
502 4304 594 4358 Ottoni
606 4326 668 4359 corr.
682 4310 715 4361 ri.
732 4310 802 4361 Talia
814 4314 893 4362 omisi.
