3417 5392
482 526 539 587 194
845 523 1011 585 transtu
1032 524 1107 586 trs.
1132 525 1175 583 11.

603 690 847 764 mvi-obab
858 712 1045 765 monna·
1057 712 1278 767 monentium*
1298 716 1425 789 epawpr.

527 872 609 956 Quo
624 882 803 967 tempore,
818 892 901 939 cum
918 866 1030 939 beatae
1042 868 1223 939 memoriae
1238 866 1422 959 Theotilo,
1437 871 1551 940 Turo-

478 985 565 1058 nicae
578 985 676 1057 urbis
690 984 836 1084 praesul,
858 982 904 1055 de
926 981 1132 1054 renovanda
1156 984 1249 1055 inter
1265 982 1444 1082 principes
1461 1010 1550 1082 pace

477 1102 785 1175 vehementissime
811 1113 980 1190 certaret,
1010 1112 1116 1197 atque
1138 1098 1195 1171 his
1221 1098 1419 1172 admodum
1440 1126 1549 1175 oocu-

477 1235 580 1319 patus
608 1218 745 1310 studiis,
773 1217 948 1289 Lauduno
970 1214 1180 1307 discederet,
1205 1216 1490 1317 peripleumonia
1511 1219 1548 1289 in

477 1338 554 1435 ipso
569 1336 694 1408 itinere
707 1335 908 1441 corripitur.
919 1338 1018 1421 Quae
1029 1358 1113 1405 curn
1123 1332 1356 1432 pulmonibus
1368 1348 1547 1405 utmorem

476 1477 517 1525 ac
537 1439 715 1525 servorem
730 1452 916 1541 incuteret,
932 1449 991 1523 die
1008 1465 1134 1547 quarta
1145 1451 1220 1522 nati
1232 1448 1370 1541 morbi,
1389 1449 1459 1521 bac
1476 1451 1547 1522 vita

475 1570 648 1667 migravit.
676 1572 838 1665 Cumque
858 1566 976 1645 adhuc
996 1568 1035 1637 in
1058 1567 1173 1639 noctis
1192 1581 1365 1666 tempesta
1383 1567 1547 1665 spiritum

473 1686 620 1776 efflaret,
635 1709 721 1757 mox
733 1682 878 1755 luminis
891 1681 1017 1779 globus
1027 1706 1093 1781 per
1103 1707 1185 1755 aera
1195 1698 1236 1754 ut
1252 1683 1363 1755 fertur
1373 1684 1544 1776 emicans,

472 1802 699 1901 vigilantibus
711 1800 807 1873 visus
820 1812 885 1871 est.
902 1799 1011 1895 Cujus
1028 1798 1164 1870 lumine
1177 1798 1224 1870 ad
1234 1800 1351 1871 noctis
1368 1799 1546 1899 depellen-

472 1919 537 1991 das
548 1918 713 2016 caligines
735 1914 950 1988 sufficienter
965 1916 1032 2006 usi,
1055 1916 1117 2013 qui
1139 1916 1214 2011 ejus
1232 1939 1363 2013 corpus
1383 1915 1545 1987 exanime

472 2032 690 2125 deferebant,
706 2058 771 2132 per
784 2016 929 2103 centiam
942 2045 977 2103 et
992 2032 1248 2129 quinquaginta
1263 2030 1413 2103 miliaria
1431 2056 1545 2129 usque

403 2234 406 2239 ⁸
473 2150 599 2223 urbem
624 2149 837 2221 'luronicam
867 2146 974 2244 hujus
997 2145 1086 2218 lucis
1108 2148 1302 2240 solamine,
1325 2173 1459 2249 corpus
1476 2146 1542 2220 bea

472 2268 647 2339 tissimum
671 2262 841 2355 detulere,
862 2263 900 2335 in
923 2260 1067 2336 basilica
1084 2264 1196 2337 sancti
1218 2262 1348 2336 Juliani
1367 2262 1540 2356 martiris,

470 2380 571 2479 quod
597 2381 694 2454 idem
716 2380 769 2452 vir
795 2394 939 2453 sanctus
963 2404 1103 2453 summa
1121 2381 1335 2454 instruxerat
1357 2380 1540 2479 religione,

470 2480 581 2571 multa
601 2495 798 2570 reverantia
814 2494 1048 2595 deponentes.
1234 2481 1237 2487 ¹

686 2712 798 2765 XLVII.
813 2740 850 2755 ι-
860 2711 955 2792 captio
965 2711 1100 2793 regis”.a
1109 2712 1280 2770 Nomannis
1287 2711 1329 2763 ³.

518 2880 600 2965 Quo
613 2874 765 2974 sepulto,
780 2900 864 2947 curn
876 2874 994 2947 adhuc
1011 2875 1241 2973 interregem
1258 2873 1462 2973 ducemque
1475 2899 1542 2973 pax

469 2992 570 3081 nulla¹
590 2993 789 3091 composita
812 3007 916 3083 esset,
945 3008 1051 3089 atque
1077 3018 1140 3065 rex
1165 2992 1275 3072 dolos
1294 2990 1542 3066 simulatorum

468 3108 633 3195 nondum
653 3107 903 3208 perpenderet,
934 3108 1081 3181 Erluino
1101 3110 1245 3207 suisque
1268 3106 1356 3181 aliis
1375 3109 1540 3206 sumptis,

469 3224 698 3298 Rhodomum
716 3224 836 3315 rediit,
858 3225 910 3297 nil
930 3226 1062 3298 veritus
1084 3250 1168 3297 curn
1185 3226 1309 3323 paucis
1326 3224 1400 3297 illic
1416 3226 1542 3297 immo·

467 3340 554 3433 rati,
587 3366 671 3414 cum
697 3341 794 3414 idern
818 3344 1054 3415 consueverit.
1093 3342 1206 3415 Dolus
1239 3342 1337 3442 apud
1364 3342 1497 3415 ducem
1519 3367 1541 3413 a

466 3458 654 3556 transfirgis
671 3474 827 3558 paratus,
848 3460 911 3557 qui
929 3458 1011 3531 ante
1028 3460 1189 3552 latuerat,
1204 3474 1283 3533 orta
1300 3461 1541 3560 oportrmitate

468 3594 511 3646 etr
524 3574 667 3648 raritate
678 3569 843 3667 militum,
864 3576 902 3648 in
915 3590 1079 3677 apertum
1097 3578 1225 3677 empit.
1247 3582 1337 3649 Nam
1348 3576 1439 3649 dum
1456 3592 1540 3649 tem·

466 3692 623 3789 pestirus
633 3691 829 3784 adveniret,
850 3692 897 3765 ab
915 3693 1095 3791 Hagroldo
1113 3695 1176 3792 qui
1193 3694 1447 3791 Bajocensibus
1457 3719 1540 3793 prae·

467 3822 555 3899 erat,
570 3832 635 3907 per
647 3809 861 3907 legationem
874 3812 1284 3911 suasoriamaccersitus,
1300 3812 1447 3908 Bajocas
1457 3834 1539 3881 cum

466 3924 589 4021 paucis
614 3923 661 3995 ad
685 3928 950 4018 accersientem,
984 3943 1107 4027 utpote
1134 3924 1181 4001 ad
1206 3923 1349 4001 fidelem
1368 3942 1478 4025 quem
1502 3929 1537 3999 in

504 4190 518 4223 ⁸
538 4190 586 4255 he,
599 4190 619 4242 si
633 4190 737 4247 abscisa.

503 4270 533 4307 *¹
551 4292 593 4338 re,
608 4287 631 4325 rt
643 4272 747 4325 abscisa.
809 4260 812 4269 ’
