3417 5392
445 540 506 598 202
804 532 972 595 amitttat
991 532 1066 593 ΗΒ.
1092 532 1133 591 ll.

673 962 973 1033 Ll.-1>roloquutio*
987 960 1287 1033 Hugonisadoegem·.

492 1160 510 1198 α
526 1134 679 1201 Parvum
689 1144 737 1222 te,
752 1154 776 1201 o
790 1156 864 1219 rex,
878 1129 1162 1202 adversariorum
1173 1127 1360 1200 insectatio
1379 1128 1418 1199 in
1438 1153 1518 1227 par·

444 1277 461 1315 «
477 1262 530 1319 tes
545 1248 797 1319 transmarinas
809 1247 896 1319 olim
917 1244 1101 1345 compulit.
1127 1248 1207 1317 Meo
1219 1270 1305 1317 vero
1317 1245 1461 1343 ingenio
1481 1260 1517 1317 et

443 1394 461 1432 (ι
477 1364 626 1436 consilio
651 1363 758 1436 inde⁴
785 1379 991 1453 revocatus,
1012 1363 1130 1461 regnis
1154 1363 1335 1434 restitutus
1347 1387 1397 1433 es.
1416 1364 1513 1453 Post,

443 1510 460 1549 ι(
476 1479 565 1553 dum
589 1481 677 1552 meis
701 1504 786 1553 usus
808 1480 904 1552 iiiisti
928 1479 1105 1571 consiliis,
1134 1504 1254 1552 rerum
1277 1477 1515 1551 secundarum

442 1600 655 1697 «prosperis
679 1598 841 1673 floruisti.
866 1602 1070 1696 Numquam
1094 1598 1162 1672 nisi
1179 1598 1232 1669 tui
1259 1596 1387 1669 furoris
1408 1598 1514 1695 perti·

442 1744 460 1782 «
475 1714 571 1789 natis
583 1738 606 1787 a
618 1730 653 1789 te
666 1712 791 1787 defeci.
808 1713 1021 1787 Infimorum
1038 1739 1080 1787 ac
1097 1712 1380 1813 imprudentium
1395 1710 1514 1784 homi·

442 1854 563 1901 «num
582 1830 815 1929 dispositione
834 1855 938 1921 usus,
960 1854 981 1901 a
1002 1829 1217 1928 sapientium
1234 1827 1391 1901 consiliis
1403 1827 1515 1926 pluri·

442 1973 460 2012 α
474 1970 576 2017 mum
590 1944 775 2017 oberrasti.
794 1944 898 2017 Unde
914 1960 950 2017 et
966 1970 1087 2017 rerum
1105 1943 1287 2015 calamitas
1300 1943 1407 2042 digne
1425 1968 1514 2016 con·

442 2091 461 2129 «
476 2076 596 2133 secuta
609 2060 699 2135 est².
714 2060 910 2149 Quomodo
922 2060 1019 2133 enim
1030 2073 1157 2160 preter
1170 2085 1228 2131 me
1241 2060 1440 2132 necessaria
1450 2060 1515 2132 tibi

442 2206 460 2245 ι(
474 2202 517 2250 ac
530 2178 684 2275 gloriosa
695 2178 885 2277 provenire
894 2176 1087 2251 arbitrare?
1102 2176 1267 2267 Multum,
1278 2177 1438 2275 inquam,
1450 2176 1515 2249 tibi

442 2293 513 2365 «in
535 2281 607 2365 hoc
625 2293 837 2392 derogatum
853 2309 918 2366 est.
932 2298 1012 2366 Jam
1031 2294 1282 2367 memineriste
1292 2294 1410 2365 virum
1423 2317 1511 2367 esse.

442 2438 461 2478 κ
475 2408 687 2483 consideres
708 2434 853 2509 quoque
872 2409 961 2508 quid
976 2426 1045 2484 tuae
1060 2412 1190 2483 rationi
1199 2408 1436 2482 commodum
1454 2409 1512 2482 sit.

442 2556 460 2595 κ
475 2526 603 2625 Sisque
616 2528 727 2600 virtus
740 2526 884 2619 redcat,
905 2527 972 2599 ut⁸
991 2528 1029 2599 in
1047 2526 1327 2600 benivolentiam
1337 2549 1405 2599 nos
1418 2550 1517 2599 revo-

442 2672 460 2711 «
475 2659 547 2735 cet,
561 2658 597 2715 te
608 2643 857 2743 imperantem,
872 2659 908 2717 et
920 2667 980 2717 me
990 2644 1202 2717 militantem
1216 2645 1246 2736 ⁴,
1261 2670 1327 2745 per
1337 2670 1397 2717 me
1407 2646 1516 2717 etiarn

442 2789 460 2827 u
475 2758 632 2858 reliquos
658 2760 846 2833 militatum
871 2760 939 2834 tibi
963 2760 1122 2834 reducat.
1146 2764 1191 2833 Et
1218 2762 1303 2859 quia
1324 2786 1384 2833 rex
1408 2787 1430 2833 a
1456 2786 1517 2833 me

442 2892 636 2970 «creatus,
668 2876 757 2953 nihil
781 2876 871 2951 mihi
898 2878 1044 2976 largitus
1066 2902 1122 2968 es,
1153 2876 1368 2951 laudunum
1390 2876 1516 2951 saltem

443 2992 669 3067 «militaturo
691 2992 882 3068 liberaliter
893 2994 1140 3067 accommoda.
1158 2993 1264 3083 Quod
1283 2996 1392 3068 etiam
1408 3018 1516 3067 causa

443 3135 460 3174 o
476 3107 543 3179 erit
559 3104 644 3180 fidei
662 3108 854 3182 servande.
873 3139 892 3178 »
912 3114 986 3184 Rex
1003 3102 1128 3211 utpot'e
1140 3126 1282 3211 captus,
1302 3109 1406 3183 dictis
1428 3135 1515 3211 pro·

438 3220 617 3321 loquentis
639 3226 753 3298 cessit.
783 3225 888 3299 Unde
905 3242 942 3300 et
962 3215 1148 3320 dimissus,
1176 3226 1259 3300 data
1280 3226 1455 3299 lauduno
1473 3230 1512 3320 ⁵,

392 3356 402 3377 ⁸
439 3338 739 3439 Compendiisese
748 3343 892 3441 recepit.
914 3343 1023 3417 Adest
1041 3344 1222 3442 Gerberga
1242 3344 1385 3443 regina,
1404 3344 1515 3418 multa

440 3454 568 3529 virtute
580 3449 840 3553 memordbilis3
865 3460 996 3535 adsunt
1010 3487 1155 3562 quoque
1172 3462 1308 3560 aliquot
1320 3486 1365 3533 cx
1378 3460 1515 3561 Belgica

440 3572 618 3672 episcopi;
634 3576 825 3650 confluunt
841 3579 949 3651 etiam
960 3579 1029 3651 viri
1042 3579 1193 3652 illustres
1205 3578 1382 3651 nonnulli.

475 3760 491 3799 i
508 3763 580 3832 atio,
596 3784 684 3838 regem
695 3769 800 3825 meisa.

476 3860 485 3891 ¹
504 3860 592 3931 regnis
603 3864 630 3913 i.
980 3901 982 3908 ·

473 3944 486 3975 ¹
504 3956 551 3997 est.
571 3944 715 4011 Quomodo
732 3950 803 4003 enim
821 3960 889 4004 stare
908 3962 1008 4023 potest,
1028 3968 1106 4023 quiem
1125 3949 1248 4004 socordia
1260 3950 1400 4027 precipitat
1415 3952 1512 4016 Mea,-

439 4024 528 4079 desum
540 4030 614 4081 etiam
624 4028 693 4102 apud
706 4034 870 4086 Tritlemium.
1377 4029 1383 4048 ³

475 4110 486 4141 ⁸
504 4130 562 4182 quar
575 4116 601 4166 i.
618 4112 697 4166 Tritia.

478 4194 489 4224 ⁸
507 4212 543 4246 m.
560 4211 703 4268 componat
715 4197 790 4250 delet.

475 4279 487 4308 ³
505 4279 523 4329 i.
539 4278 633 4333 aduce
646 4300 727 4351 regno
740 4282 830 4335 deleta.
