<?xml version="1.0" encoding="UTF-8"?>
<!DOCTYPE html PUBLIC "-//W3C//DTD XHTML 1.0 Transitional//EN"
    "http://www.w3.org/TR/xhtml1/DTD/xhtml1-transitional.dtd">
<html xmlns="http://www.w3.org/1999/xhtml" xml:lang="en" lang="en">
 <head>
  <title>
</title>
<meta http-equiv="Content-Type" content="text/html;charset=utf-8" />
  <meta name='ocr-system' content='tesseract 3.04.00' />
  <meta name='ocr-capabilities' content='ocr_page ocr_carea ocr_par ocr_line ocrx_word'/>
</head>
<body>
  <div class='ocr_page' id='page_1' title='image "./richerhistoired02parigoog_0243.png"; bbox 0 0 3417 5392; ppageno 0'>
   <div class='ocr_carea' id='block_1_1' title="bbox 728 1116 1314 1206">
    <p class='ocr_par' dir='ltr' id='par_1_1' title="bbox 728 1116 1314 1206">
     <span class='ocr_line' id='line_1_1' title="bbox 728 1116 1314 1206; baseline -0.003 0"><span class='ocrx_word' id='word_1_1' title='bbox 728 1116 922 1206; x_wconf 85' lang='lat' dir='ltr'>LIBER</span> <span class='ocrx_word' id='word_1_2' title='bbox 968 1117 1314 1206; x_wconf 85' lang='lat' dir='ltr'><strong>SECUNDUS.</strong></span> 
     </span>
    </p>
   </div>
   <div class='ocr_carea' id='block_1_2' title="bbox 949 1387 1090 1402">
    <p class='ocr_par' dir='ltr' id='par_1_2' title="bbox 949 1387 1090 1402">
     <span class='ocr_line' id='line_1_2' title="bbox 949 1387 1090 1402; baseline -0.014 0"><span class='ocrx_word' id='word_1_3' title='bbox 949 1387 1090 1402; x_wconf 50' lang='lat' dir='ltr'><em>u</em></span> 
     </span>
    </p>
   </div>
   <div class='ocr_carea' id='block_1_3' title="bbox 644 1557 1400 1644">
    <p class='ocr_par' dir='ltr' id='par_1_3' title="bbox 644 1557 1400 1644">
     <span class='ocr_line' id='line_1_3' title="bbox 644 1557 1400 1644; baseline -0.004 -33"><span class='ocrx_word' id='word_1_4' title='bbox 644 1562 667 1610; x_wconf 93' lang='lat'><strong>1.</strong></span> <span class='ocrx_word' id='word_1_5' title='bbox 685 1587 721 1644; x_wconf 49' lang='lat' dir='ltr'><strong>-f</strong></span> <span class='ocrx_word' id='word_1_6' title='bbox 735 1560 895 1612; x_wconf 73' lang='lat' dir='ltr'><strong>Gallorum*</strong></span> <span class='ocrx_word' id='word_1_7' title='bbox 911 1559 1063 1613; x_wconf 79' lang='lat' dir='ltr'>deliberatio</span> <span class='ocrx_word' id='word_1_8' title='bbox 1075 1561 1091 1593; x_wconf 74' lang='lat'><em>*</em></span> <span class='ocrx_word' id='word_1_9' title='bbox 1105 1559 1139 1612; x_wconf 84' lang='lat' dir='ltr'><strong>de</strong></span> <span class='ocrx_word' id='word_1_10' title='bbox 1154 1559 1235 1629; x_wconf 69' lang='lat' dir='ltr'><strong>rege*</strong></span> <span class='ocrx_word' id='word_1_11' title='bbox 1253 1557 1400 1610; x_wconf 77' lang='lat' dir='ltr'><strong>creando*.</strong></span> 
     </span>
    </p>
   </div>
   <div class='ocr_carea' id='block_1_4' title="bbox 536 1726 1673 1829">
    <p class='ocr_par' dir='ltr' id='par_1_4' title="bbox 536 1726 1673 1829">
     <span class='ocr_line' id='line_1_4' title="bbox 536 1726 1673 1829; baseline 0 -31"><span class='ocrx_word' id='word_1_12' title='bbox 536 1732 620 1799; x_wconf 90' lang='lat' dir='ltr'><strong>Post</strong></span> <span class='ocrx_word' id='word_1_13' title='bbox 635 1730 736 1826; x_wconf 85' lang='lat' dir='ltr'><strong>cujus</strong></span> <span class='ocrx_word' id='word_1_14' title='bbox 760 1732 943 1828; x_wconf 82' lang='lat' dir='ltr'><strong>exequias,</strong></span> <span class='ocrx_word' id='word_1_15' title='bbox 972 1729 1150 1829; x_wconf 82' lang='lat' dir='ltr'><strong>principes</strong></span> <span class='ocrx_word' id='word_1_16' title='bbox 1168 1731 1205 1800; x_wconf 91' lang='lat' dir='ltr'><strong>in</strong></span> <span class='ocrx_word' id='word_1_17' title='bbox 1224 1729 1362 1800; x_wconf 89' lang='lat' dir='ltr'><strong>diversa</strong></span> <span class='ocrx_word' id='word_1_18' title='bbox 1379 1726 1552 1799; x_wconf 89' lang='lat' dir='ltr'><strong>duceban·</strong></span> <span class='ocrx_word' id='word_1_19' title='bbox 1672 1795 1673 1816; x_wconf 34' lang='lat'>2</span> 
     </span>
    </p>
   </div>
   <div class='ocr_carea' id='block_1_5' title="bbox 488 1844 1552 1945">
    <p class='ocr_par' dir='ltr' id='par_1_5' title="bbox 488 1835 1673 1945">
     <span class='ocr_line' id='line_1_5' title="bbox 488 1844 1552 1945; baseline 0.003 -30"><span class='ocrx_word' id='word_1_20' title='bbox 488 1859 556 1934; x_wconf 87' lang='lat' dir='ltr'><strong>tur,</strong></span> <span class='ocrx_word' id='word_1_21' title='bbox 579 1844 759 1943; x_wconf 86' lang='lat' dir='ltr'><strong>finemque</strong></span> <span class='ocrx_word' id='word_1_22' title='bbox 780 1846 948 1945; x_wconf 88' lang='lat' dir='ltr'><strong>petebant</strong></span> <span class='ocrx_word' id='word_1_23' title='bbox 966 1849 1127 1918; x_wconf 85' lang='lat' dir='ltr'><strong>varium:</strong></span> <span class='ocrx_word' id='word_1_24' title='bbox 1160 1845 1252 1917; x_wconf 88' lang='lat' dir='ltr'><strong>Galli</strong></span> <span class='ocrx_word' id='word_1_25' title='bbox 1275 1871 1430 1943; x_wconf 85' lang='lat' dir='ltr'><strong>namque</strong></span> <span class='ocrx_word' id='word_1_26' title='bbox 1453 1844 1552 1917; x_wconf 63' lang='lat' dir='ltr'><strong>Celtae</strong></span> 
     </span>
    </p>
   </div>
   <div class='ocr_carea' id='block_1_6' title="bbox 487 1941 1673 2177">
    <p class='ocr_par' dir='ltr' id='par_1_6' title="bbox 487 1941 1673 2177">
     <span class='ocr_line' id='line_1_6' title="bbox 487 1941 1673 2061; baseline -0.003 -29"><span class='ocrx_word' id='word_1_27' title='bbox 487 1987 570 2033; x_wconf 89' lang='lat' dir='ltr'><strong>cum</strong></span> <span class='ocrx_word' id='word_1_28' title='bbox 584 1964 781 2059; x_wconf 76' lang='lat' dir='ltr'><strong>Aquitanis,</strong></span> <span class='ocrx_word' id='word_1_29' title='bbox 802 1968 989 2061; x_wconf 86' lang='lat' dir='ltr'><strong>Hugonem</strong></span> <span class='ocrx_word' id='word_1_30' title='bbox 1009 1961 1167 2034; x_wconf 82' lang='lat' dir='ltr'><strong>Rotberti</strong></span> <span class='ocrx_word' id='word_1_31' title='bbox 1184 1963 1274 2058; x_wconf 79' lang='lat' dir='ltr'><strong>regis</strong></span> <span class='ocrx_word' id='word_1_32' title='bbox 1291 1961 1425 2051; x_wconf 86' lang='lat' dir='ltr'><strong>lilium,</strong></span> <span class='ocrx_word' id='word_1_33' title='bbox 1446 1959 1552 2056; x_wconf 70' lang='lat' dir='ltr'><strong>Belgae</strong></span> <span class='ocrx_word' id='word_1_34' title='bbox 1672 1941 1673 2028; x_wconf 41' lang='grc' dir='ltr'><strong>Ῠ</strong></span> 
     </span>
     <span class='ocr_line' id='line_1_7' title="bbox 487 2077 1550 2177; baseline 0.001 -30"><span class='ocrx_word' id='word_1_35' title='bbox 487 2103 572 2151; x_wconf 89' lang='lat' dir='ltr'><strong>vero</strong></span> <span class='ocrx_word' id='word_1_36' title='bbox 596 2079 817 2151; x_wconf 89' lang='lat' dir='ltr'><strong>Ludovicum</strong></span> <span class='ocrx_word' id='word_1_37' title='bbox 844 2079 965 2151; x_wconf 85' lang='lat' dir='ltr'><strong>Karoli</strong></span> <span class='ocrx_word' id='word_1_38' title='bbox 989 2079 1238 2177; x_wconf 86' lang='lat' dir='ltr'><strong>sequebantur.</strong></span> <span class='ocrx_word' id='word_1_39' title='bbox 1259 2082 1423 2166; x_wconf 89' lang='lat' dir='ltr'><strong>Quorum</strong></span> <span class='ocrx_word' id='word_1_40' title='bbox 1440 2077 1550 2148; x_wconf 83' lang='lat' dir='ltr'><strong>neutri</strong></span> 
     </span>
    </p>
   </div>
   <div class='ocr_carea' id='block_1_7' title="bbox 485 2194 1551 2294">
    <p class='ocr_par' dir='ltr' id='par_1_7' title="bbox 485 2185 1673 2294">
     <span class='ocr_line' id='line_1_8' title="bbox 485 2194 1551 2294; baseline -0.001 -29"><span class='ocrx_word' id='word_1_41' title='bbox 485 2194 721 2266; x_wconf 84' lang='lat' dir='ltr'><strong>commoditas</strong></span> <span class='ocrx_word' id='word_1_42' title='bbox 731 2195 852 2267; x_wconf 88' lang='lat' dir='ltr'><strong>aderat</strong></span> <span class='ocrx_word' id='word_1_43' title='bbox 866 2195 1056 2293; x_wconf 84' lang='lat' dir='ltr'><strong>regnandi,</strong></span> <span class='ocrx_word' id='word_1_44' title='bbox 1072 2219 1155 2267; x_wconf 89' lang='lat' dir='ltr'><strong>cum</strong></span> <span class='ocrx_word' id='word_1_45' title='bbox 1168 2200 1270 2293; x_wconf 83' lang='lat' dir='ltr'><strong>Hugo</strong></span> <span class='ocrx_word' id='word_1_46' title='bbox 1280 2211 1419 2294; x_wconf 83' lang='lat' dir='ltr'><strong>patrem</strong></span> <span class='ocrx_word' id='word_1_47' title='bbox 1437 2194 1488 2265; x_wconf 91' lang='lat' dir='ltr'><strong>ob</strong></span> <span class='ocrx_word' id='word_1_48' title='bbox 1505 2195 1551 2264; x_wconf 90' lang='lat' dir='ltr'><strong>in·</strong></span> 
     </span>
    </p>
   </div>
   <div class='ocr_carea' id='block_1_8' title="bbox 486 2309 1673 2760">
    <p class='ocr_par' dir='ltr' id='par_1_8' title="bbox 486 2309 1673 2760">
     <span class='ocr_line' id='line_1_9' title="bbox 486 2309 1673 2418; baseline 0.002 -38"><span class='ocrx_word' id='word_1_49' title='bbox 486 2309 672 2383; x_wconf 85' lang='lat' dir='ltr'><strong>solentiam</strong></span> <span class='ocrx_word' id='word_1_50' title='bbox 697 2313 841 2411; x_wconf 89' lang='lat' dir='ltr'><strong>periisse</strong></span> <span class='ocrx_word' id='word_1_51' title='bbox 863 2311 1165 2404; x_wconf 80' lang='lat' dir='ltr'><strong>reminiscebatur,</strong></span> <span class='ocrx_word' id='word_1_52' title='bbox 1187 2328 1221 2384; x_wconf 91' lang='lat' dir='ltr'><strong>et</strong></span> <span class='ocrx_word' id='word_1_53' title='bbox 1243 2311 1292 2384; x_wconf 91' lang='lat' dir='ltr'><strong>ob</strong></span> <span class='ocrx_word' id='word_1_54' title='bbox 1313 2313 1384 2401; x_wconf 83' lang='lat' dir='ltr'><strong>hoc</strong></span> <span class='ocrx_word' id='word_1_55' title='bbox 1407 2335 1551 2409; x_wconf 85' lang='lat' dir='ltr'><strong>regnare</strong></span> <span class='ocrx_word' id='word_1_56' title='bbox 1672 2393 1673 2418; x_wconf 14' lang='grc' dir='ltr'>χ</span> 
     </span>
     <span class='ocr_line' id='line_1_10' title="bbox 486 2427 1550 2528; baseline 0.003 -31"><span class='ocrx_word' id='word_1_57' title='bbox 486 2427 707 2518; x_wconf 83' lang='lat' dir='ltr'><strong>formidaret,</strong></span> <span class='ocrx_word' id='word_1_58' title='bbox 729 2444 765 2501; x_wconf 90' lang='lat' dir='ltr'><strong>et</strong></span> <span class='ocrx_word' id='word_1_59' title='bbox 780 2427 981 2500; x_wconf 89' lang='lat' dir='ltr'><strong>Ludovicus</strong></span> <span class='ocrx_word' id='word_1_60' title='bbox 999 2429 1035 2500; x_wconf 91' lang='lat' dir='ltr'><strong>in</strong></span> <span class='ocrx_word' id='word_1_61' title='bbox 1054 2429 1213 2528; x_wconf 86' lang='lat' dir='ltr'><strong>partibus</strong></span> <span class='ocrx_word' id='word_1_62' title='bbox 1232 2427 1382 2525; x_wconf 76' lang='lat' dir='ltr'><strong>Anglicae</strong></span> <span class='ocrx_word' id='word_1_63' title='bbox 1400 2452 1550 2501; x_wconf 81' lang='lat' dir='ltr'><strong>morare</strong></span> 
     </span>
     <span class='ocr_line' id='line_1_11' title="bbox 487 2543 1673 2642; baseline 0.002 -28"><span class='ocrx_word' id='word_1_64' title='bbox 487 2559 555 2634; x_wconf 92' lang='lat' dir='ltr'><strong>tur,</strong></span> <span class='ocrx_word' id='word_1_65' title='bbox 576 2570 621 2616; x_wconf 92' lang='lat' dir='ltr'><strong>eo</strong></span> <span class='ocrx_word' id='word_1_66' title='bbox 642 2544 742 2642; x_wconf 90' lang='lat' dir='ltr'><strong>quod</strong></span> <span class='ocrx_word' id='word_1_67' title='bbox 759 2544 841 2616; x_wconf 90' lang='lat' dir='ltr'><strong>illuc</strong></span> <span class='ocrx_word' id='word_1_68' title='bbox 862 2543 998 2618; x_wconf 80' lang='lat' dir='ltr'><strong>delatus</strong></span> <span class='ocrx_word' id='word_1_69' title='bbox 1015 2544 1129 2620; x_wconf 82' lang='lat' dir='ltr'><strong>infans</strong></span> <span class='ocrx_word' id='word_1_70' title='bbox 1142 2544 1189 2616; x_wconf 89' lang='lat' dir='ltr'><strong>ad</strong></span> <span class='ocrx_word' id='word_1_71' title='bbox 1201 2544 1416 2616; x_wconf 87' lang='lat' dir='ltr'><strong>avunculum</strong></span> <span class='ocrx_word' id='word_1_72' title='bbox 1440 2543 1553 2616; x_wconf 80' lang='lat' dir='ltr'><strong>Adels·</strong></span> <span class='ocrx_word' id='word_1_73' title='bbox 1672 2547 1673 2630; x_wconf 63' lang='lat' dir='ltr'>j</span> 
     </span>
     <span class='ocr_line' id='line_1_12' title="bbox 486 2659 1551 2760; baseline 0 -28"><span class='ocrx_word' id='word_1_74' title='bbox 486 2678 610 2733; x_wconf 89' lang='lat' dir='ltr'><strong>tanum</strong></span> <span class='ocrx_word' id='word_1_75' title='bbox 628 2687 749 2760; x_wconf 83' lang='lat' dir='ltr'><strong>regem</strong></span> <span class='ocrx_word' id='word_1_76' title='bbox 770 2661 891 2752; x_wconf 87' lang='lat' dir='ltr'><strong>fuerit,</strong></span> <span class='ocrx_word' id='word_1_77' title='bbox 913 2660 962 2733; x_wconf 92' lang='lat' dir='ltr'><strong>ob</strong></span> <span class='ocrx_word' id='word_1_78' title='bbox 984 2661 1143 2758; x_wconf 85' lang='lat' dir='ltr'><strong>Hugonis</strong></span> <span class='ocrx_word' id='word_1_79' title='bbox 1162 2675 1198 2732; x_wconf 90' lang='lat' dir='ltr'><strong>et</strong></span> <span class='ocrx_word' id='word_1_80' title='bbox 1215 2659 1389 2733; x_wconf 87' lang='lat' dir='ltr'><strong>Heriberti</strong></span> <span class='ocrx_word' id='word_1_81' title='bbox 1405 2661 1551 2732; x_wconf 89' lang='lat' dir='ltr'><strong>insecta·</strong></span> 
     </span>
    </p>
   </div>
   <div class='ocr_carea' id='block_1_9' title="bbox 487 2775 1673 2993">
    <p class='ocr_par' dir='ltr' id='par_1_9' title="bbox 487 2775 1673 2993">
     <span class='ocr_line' id='line_1_13' title="bbox 487 2775 1673 2877; baseline 0 -30"><span class='ocrx_word' id='word_1_82' title='bbox 487 2777 640 2869; x_wconf 87' lang='lat' dir='ltr'><strong>tionem,</strong></span> <span class='ocrx_word' id='word_1_83' title='bbox 655 2803 700 2850; x_wconf 92' lang='lat' dir='ltr'><strong>eo</strong></span> <span class='ocrx_word' id='word_1_84' title='bbox 718 2777 817 2875; x_wconf 84' lang='lat' dir='ltr'><strong>quod</strong></span> <span class='ocrx_word' id='word_1_85' title='bbox 841 2779 909 2877; x_wconf 92' lang='lat' dir='ltr'><strong>ipsi</strong></span> <span class='ocrx_word' id='word_1_86' title='bbox 931 2793 1069 2875; x_wconf 88' lang='lat' dir='ltr'><strong>patrem</strong></span> <span class='ocrx_word' id='word_1_87' title='bbox 1086 2777 1161 2875; x_wconf 85' lang='lat' dir='ltr'><strong>ejus</strong></span> <span class='ocrx_word' id='word_1_88' title='bbox 1179 2775 1547 2877; x_wconf 76' lang='lat' dir='ltr'><strong>comprehendissent,</strong></span> <span class='ocrx_word' id='word_1_89' title='bbox 1672 2857 1673 2872; x_wconf 12' lang='grc' dir='ltr'>χ</span> 
     </span>
     <span class='ocr_line' id='line_1_14' title="bbox 487 2879 1673 2993; baseline 0 -28"><span class='ocrx_word' id='word_1_90' title='bbox 487 2919 528 2965; x_wconf 91' lang='lat' dir='ltr'><strong>ac</strong></span> <span class='ocrx_word' id='word_1_91' title='bbox 546 2896 678 2966; x_wconf 81' lang='lat' dir='ltr'><strong>carceri</strong></span> <span class='ocrx_word' id='word_1_92' title='bbox 690 2896 885 2966; x_wconf 84' lang='lat' dir='ltr'><strong>trusissent.</strong></span> <span class='ocrx_word' id='word_1_93' title='bbox 908 2893 999 2965; x_wconf 90' lang='lat' dir='ltr'><strong>Galli</strong></span> <span class='ocrx_word' id='word_1_94' title='bbox 1018 2895 1138 2992; x_wconf 86' lang='lat' dir='ltr'><strong>itaque</strong></span> <span class='ocrx_word' id='word_1_95' title='bbox 1159 2895 1196 2964; x_wconf 93' lang='lat' dir='ltr'><strong>in</strong></span> <span class='ocrx_word' id='word_1_96' title='bbox 1217 2896 1307 2991; x_wconf 85' lang='lat' dir='ltr'><strong>regis</strong></span> <span class='ocrx_word' id='word_1_97' title='bbox 1327 2895 1552 2993; x_wconf 84' lang='lat' dir='ltr'><strong>promotione</strong></span> <span class='ocrx_word' id='word_1_98' title='bbox 1672 2879 1673 2892; x_wconf 36' lang='lat'>¹</span> 
     </span>
    </p>
   </div>
   <div class='ocr_carea' id='block_1_10' title="bbox 486 3008 1551 3224">
    <p class='ocr_par' dir='ltr' id='par_1_10' title="bbox 486 3008 1551 3224">
     <span class='ocr_line' id='line_1_15' title="bbox 486 3008 1551 3108; baseline 0.002 -29"><span class='ocrx_word' id='word_1_99' title='bbox 486 3008 667 3082; x_wconf 84' lang='lat' dir='ltr'><strong>liberiores</strong></span> <span class='ocrx_word' id='word_1_100' title='bbox 679 3010 792 3083; x_wconf 88' lang='lat' dir='ltr'><strong>videri</strong></span> <span class='ocrx_word' id='word_1_101' title='bbox 801 3009 1024 3102; x_wconf 85' lang='lat' dir='ltr'><strong>laborantes,</strong></span> <span class='ocrx_word' id='word_1_102' title='bbox 1038 3010 1106 3082; x_wconf 90' lang='lat' dir='ltr'><strong>sub</strong></span> <span class='ocrx_word' id='word_1_103' title='bbox 1118 3016 1268 3108; x_wconf 83' lang='lat' dir='ltr'><strong>Hugone</strong></span> <span class='ocrx_word' id='word_1_104' title='bbox 1280 3011 1372 3084; x_wconf 91' lang='lat' dir='ltr'><strong>duce</strong></span> <span class='ocrx_word' id='word_1_105' title='bbox 1385 3010 1551 3082; x_wconf 86' lang='lat' dir='ltr'><strong>delibera·</strong></span> 
     </span>
     <span class='ocr_line' id='line_1_16' title="bbox 486 3126 1145 3224; baseline 0 -27"><span class='ocrx_word' id='word_1_106' title='bbox 486 3128 555 3198; x_wconf 89' lang='lat' dir='ltr'><strong>turi</strong></span> <span class='ocrx_word' id='word_1_107' title='bbox 572 3126 618 3199; x_wconf 92' lang='lat' dir='ltr'><strong>de</strong></span> <span class='ocrx_word' id='word_1_108' title='bbox 636 3151 717 3224; x_wconf 86' lang='lat' dir='ltr'><strong>rege</strong></span> <span class='ocrx_word' id='word_1_109' title='bbox 729 3126 885 3199; x_wconf 89' lang='lat' dir='ltr'><strong>creando</strong></span> <span class='ocrx_word' id='word_1_110' title='bbox 903 3127 1041 3200; x_wconf 85' lang='lat' dir='ltr'><strong>collecti</strong></span> <span class='ocrx_word' id='word_1_111' title='bbox 1052 3141 1145 3198; x_wconf 92' lang='lat' dir='ltr'><strong>sunt.</strong></span> 
     </span>
    </p>
   </div>
   <div class='ocr_carea' id='block_1_11' title="bbox 531 3324 1501 3403">
    <p class='ocr_par' dir='ltr' id='par_1_11' title="bbox 531 3324 1501 3403">
     <span class='ocr_line' id='line_1_17' title="bbox 531 3324 1501 3403; baseline 0.001 -27"><span class='ocrx_word' id='word_1_112' title='bbox 531 3326 715 3403; x_wconf 81' lang='lat' dir='ltr'><strong>lI.—Oratio</strong></span> <span class='ocrx_word' id='word_1_113' title='bbox 730 3327 893 3397; x_wconf 62' lang='lat' dir='ltr'><strong>nugoniffl</strong></span> <span class='ocrx_word' id='word_1_114' title='bbox 906 3325 1023 3380; x_wconf 79' lang='lat' dir='ltr'><strong>ducis**</strong></span> <span class='ocrx_word' id='word_1_115' title='bbox 1039 3325 1073 3379; x_wconf 87' lang='lat' dir='ltr'><strong>ad</strong></span> <span class='ocrx_word' id='word_1_116' title='bbox 1090 3326 1226 3379; x_wconf 57' lang='lat' dir='ltr'><strong>dalton*</strong></span> <span class='ocrx_word' id='word_1_117' title='bbox 1242 3343 1292 3397; x_wconf 92' lang='lat' dir='ltr'><strong>pro</strong></span> <span class='ocrx_word' id='word_1_118' title='bbox 1307 3324 1501 3379; x_wconf 49' lang='grc' dir='ltr'><strong>[Μαίον’.</strong></span> 
     </span>
    </p>
   </div>
   <div class='ocr_carea' id='block_1_12' title="bbox 532 3470 1547 3570">
    <p class='ocr_par' dir='ltr' id='par_1_12' title="bbox 532 3470 1547 3570">
     <span class='ocr_line' id='line_1_18' title="bbox 532 3470 1547 3570; baseline -0.001 -29"><span class='ocrx_word' id='word_1_119' title='bbox 532 3475 696 3557; x_wconf 87' lang='lat' dir='ltr'><strong>Quorum</strong></span> <span class='ocrx_word' id='word_1_120' title='bbox 722 3471 860 3543; x_wconf 89' lang='lat' dir='ltr'><strong>medius</strong></span> <span class='ocrx_word' id='word_1_121' title='bbox 882 3471 953 3543; x_wconf 86' lang='lat' dir='ltr'><strong>dux</strong></span> <span class='ocrx_word' id='word_1_122' title='bbox 981 3486 1064 3570; x_wconf 90' lang='lat' dir='ltr'><strong>post</strong></span> <span class='ocrx_word' id='word_1_123' title='bbox 1084 3471 1231 3543; x_wconf 88' lang='lat' dir='ltr'><strong>multam</strong></span> <span class='ocrx_word' id='word_1_124' title='bbox 1256 3470 1547 3542; x_wconf 88' lang='lat' dir='ltr'><strong>consultationem</strong></span> 
     </span>
    </p>
   </div>
   <div class='ocr_carea' id='block_1_13' title="bbox 483 3585 1673 3684">
    <p class='ocr_par' dir='ltr' id='par_1_13' title="bbox 483 3585 1673 3684">
     <span class='ocr_line' id='line_1_19' title="bbox 483 3585 1673 3684; baseline 0.002 -27"><span class='ocrx_word' id='word_1_125' title='bbox 483 3586 529 3657; x_wconf 90' lang='lat' dir='ltr'><strong>ad</strong></span> <span class='ocrx_word' id='word_1_126' title='bbox 547 3585 695 3671; x_wconf 86' lang='lat' dir='ltr'><strong>multam</strong></span> <span class='ocrx_word' id='word_1_127' title='bbox 712 3586 1166 3660; x_wconf 83' lang='lat' dir='ltr'><strong>benivolentiam⁰animum</strong></span> <span class='ocrx_word' id='word_1_128' title='bbox 1179 3586 1385 3676; x_wconf 91' lang='lat' dir='ltr'><strong>intendens,</strong></span> <span class='ocrx_word' id='word_1_129' title='bbox 1402 3587 1453 3658; x_wconf 87' lang='lat' dir='ltr'><strong>sic</strong></span> <span class='ocrx_word' id='word_1_130' title='bbox 1465 3611 1548 3684; x_wconf 86' lang='lat' dir='ltr'><strong>prae·</strong></span> <span class='ocrx_word' id='word_1_131' title='bbox 1672 3589 1673 3668; x_wconf 77' lang='lat' dir='ltr'>J</span> 
     </span>
    </p>
   </div>
   <div class='ocr_carea' id='block_1_14' title="bbox 483 3702 1548 3921">
    <p class='ocr_par' dir='ltr' id='par_1_14' title="bbox 483 3702 1548 3921">
     <span class='ocr_line' id='line_1_20' title="bbox 483 3702 1545 3802; baseline 0.002 -31"><span class='ocrx_word' id='word_1_132' title='bbox 483 3702 621 3774; x_wconf 84' lang='lat' dir='ltr'><strong>locutus</strong></span> <span class='ocrx_word' id='word_1_133' title='bbox 634 3704 681 3776; x_wconf 89' lang='lat' dir='ltr'><strong>ait</strong></span> <span class='ocrx_word' id='word_1_134' title='bbox 698 3733 705 3774; x_wconf 91' lang='lat'><strong>:</strong></span> <span class='ocrx_word' id='word_1_135' title='bbox 724 3734 741 3772; x_wconf 78' lang='lat' dir='ltr'><strong>u</strong></span> <span class='ocrx_word' id='word_1_136' title='bbox 758 3704 890 3776; x_wconf 81' lang='lat' dir='ltr'><strong>Karolo</strong></span> <span class='ocrx_word' id='word_1_137' title='bbox 904 3731 985 3802; x_wconf 85' lang='lat' dir='ltr'><strong>rege</strong></span> <span class='ocrx_word' id='word_1_138' title='bbox 1003 3703 1192 3777; x_wconf 85' lang='lat' dir='ltr'><strong>miserabili</strong></span> <span class='ocrx_word' id='word_1_139' title='bbox 1209 3703 1349 3776; x_wconf 78' lang='lat' dir='ltr'><strong>fortuna</strong></span> <span class='ocrx_word' id='word_1_140' title='bbox 1362 3704 1545 3791; x_wconf 82' lang='lat' dir='ltr'><strong>defuncto,</strong></span> 
     </span>
     <span class='ocr_line' id='line_1_21' title="bbox 485 3820 1548 3921; baseline 0.003 -34"><span class='ocrx_word' id='word_1_141' title='bbox 485 3849 501 3886; x_wconf 74' lang='grc' dir='ltr'>α</span> <span class='ocrx_word' id='word_1_142' title='bbox 518 3821 592 3891; x_wconf 89' lang='lat' dir='ltr'><strong>sive</strong></span> <span class='ocrx_word' id='word_1_143' title='bbox 607 3820 645 3891; x_wconf 95' lang='lat' dir='ltr'><strong>id</strong></span> <span class='ocrx_word' id='word_1_144' title='bbox 662 3847 706 3893; x_wconf 92' lang='lat' dir='ltr'><strong>eo</strong></span> <span class='ocrx_word' id='word_1_145' title='bbox 728 3837 970 3921; x_wconf 87' lang='lat' dir='ltr'><strong>promerente,</strong></span> <span class='ocrx_word' id='word_1_146' title='bbox 992 3825 1065 3895; x_wconf 88' lang='lat' dir='ltr'><strong>sive</strong></span> <span class='ocrx_word' id='word_1_147' title='bbox 1082 3821 1211 3894; x_wconf 89' lang='lat' dir='ltr'><strong>nostris</strong></span> <span class='ocrx_word' id='word_1_148' title='bbox 1233 3822 1376 3918; x_wconf 81' lang='lat' dir='ltr'><strong>flagiciis</strong></span> <span class='ocrx_word' id='word_1_149' title='bbox 1394 3821 1471 3919; x_wconf 84' lang='lat' dir='ltr'><strong>ipsa</strong></span> <span class='ocrx_word' id='word_1_150' title='bbox 1496 3821 1548 3890; x_wconf 88' lang='lat' dir='ltr'><strong>Di·</strong></span> 
     </span>
    </p>
   </div>
   <div class='ocr_carea' id='block_1_15' title="bbox 393 3935 1673 4040">
    <p class='ocr_par' dir='ltr' id='par_1_15' title="bbox 393 3935 1673 4040">
     <span class='ocr_line' id='line_1_22' title="bbox 393 3935 1673 4040; baseline 0.01 -37"><span class='ocrx_word' id='word_1_151' title='bbox 393 4026 400 4040; x_wconf 32' lang='grc' dir='ltr'>ι</span> <span class='ocrx_word' id='word_1_152' title='bbox 485 3966 503 4004; x_wconf 87' lang='lat'>«</span> <span class='ocrx_word' id='word_1_153' title='bbox 519 3937 663 4008; x_wconf 87' lang='lat' dir='ltr'><strong>vinitate</strong></span> <span class='ocrx_word' id='word_1_154' title='bbox 682 3935 904 4036; x_wconf 85' lang='lat' dir='ltr'><strong>indignante,</strong></span> <span class='ocrx_word' id='word_1_155' title='bbox 926 3942 953 4010; x_wconf 91' lang='lat' dir='ltr'><strong>si</strong></span> <span class='ocrx_word' id='word_1_156' title='bbox 974 3940 1061 4038; x_wconf 90' lang='lat' dir='ltr'><strong>quid</strong></span> <span class='ocrx_word' id='word_1_157' title='bbox 1080 3965 1098 4010; x_wconf 90' lang='lat' dir='ltr'><strong>a</strong></span> <span class='ocrx_word' id='word_1_158' title='bbox 1120 3939 1277 4038; x_wconf 84' lang='lat' dir='ltr'><strong>patribus</strong></span> <span class='ocrx_word' id='word_1_159' title='bbox 1295 3953 1331 4010; x_wconf 93' lang='lat' dir='ltr'><strong>et</strong></span> <span class='ocrx_word' id='word_1_160' title='bbox 1349 3937 1547 4036; x_wconf 87' lang='lat' dir='ltr'><strong>nobisipsis</strong></span> <span class='ocrx_word' id='word_1_161' title='bbox 1672 3985 1673 4016; x_wconf 72' lang='lat' dir='ltr'><strong>t</strong></span> 
     </span>
    </p>
   </div>
   <div class='ocr_carea' id='block_1_16' title="bbox 485 4054 1545 4153">
    <p class='ocr_par' dir='ltr' id='par_1_16' title="bbox 485 4054 1545 4153">
     <span class='ocr_line' id='line_1_23' title="bbox 485 4054 1545 4153; baseline 0.003 -33"><span class='ocrx_word' id='word_1_162' title='bbox 485 4054 713 4126; x_wconf 82' lang='lat' dir='ltr'><strong>«admissum</strong></span> <span class='ocrx_word' id='word_1_163' title='bbox 751 4070 803 4126; x_wconf 88' lang='lat' dir='ltr'><strong>est</strong></span> <span class='ocrx_word' id='word_1_164' title='bbox 839 4081 913 4153; x_wconf 89' lang='lat' dir='ltr'><strong>quo</strong></span> <span class='ocrx_word' id='word_1_165' title='bbox 951 4057 1149 4127; x_wconf 82' lang='lat' dir='ltr'><strong>Divinitatis</strong></span> <span class='ocrx_word' id='word_1_166' title='bbox 1182 4057 1343 4152; x_wconf 87' lang='lat' dir='ltr'><strong>majestas</strong></span> <span class='ocrx_word' id='word_1_167' title='bbox 1374 4055 1454 4126; x_wconf 83' lang='lat' dir='ltr'><strong>laesa</strong></span> <span class='ocrx_word' id='word_1_168' title='bbox 1483 4054 1545 4139; x_wconf 87' lang='lat' dir='ltr'><strong>sit,</strong></span> 
     </span>
    </p>
   </div>
   <div class='ocr_carea' id='block_1_17' title="bbox 515 4240 1009 4397">
    <p class='ocr_par' dir='ltr' id='par_1_17' title="bbox 515 4240 1009 4397">
     <span class='ocr_line' id='line_1_24' title="bbox 515 4240 984 4311; baseline 0 -19"><span class='ocrx_word' id='word_1_169' title='bbox 515 4242 529 4272; x_wconf 70' lang='lat'><em>*</em></span> <span class='ocrx_word' id='word_1_170' title='bbox 549 4259 641 4305; x_wconf 85' lang='lat' dir='ltr'><strong>orum,</strong></span> <span class='ocrx_word' id='word_1_171' title='bbox 655 4253 711 4305; x_wconf 82' lang='lat' dir='ltr'><strong>rat,</strong></span> <span class='ocrx_word' id='word_1_172' title='bbox 727 4259 773 4310; x_wconf 82' lang='lat' dir='ltr'><strong>gc,</strong></span> <span class='ocrx_word' id='word_1_173' title='bbox 789 4240 825 4292; x_wconf 91' lang='lat' dir='ltr'><strong>do</strong></span> <span class='ocrx_word' id='word_1_174' title='bbox 837 4262 866 4291; x_wconf 72' lang='lat' dir='ltr'><strong>ea·</strong></span> <span class='ocrx_word' id='word_1_175' title='bbox 883 4245 984 4311; x_wconf 75' lang='lat' dir='ltr'><strong>conjece.</strong></span> 
     </span>
     <span class='ocr_line' id='line_1_25' title="bbox 515 4327 1009 4397; baseline 0 -20"><span class='ocrx_word' id='word_1_176' title='bbox 515 4332 550 4359; x_wconf 75' lang='lat'><strong>’*</strong></span> <span class='ocrx_word' id='word_1_177' title='bbox 570 4327 629 4391; x_wconf 88' lang='lat' dir='ltr'><strong>Hu,</strong></span> <span class='ocrx_word' id='word_1_178' title='bbox 642 4327 693 4391; x_wconf 87' lang='lat' dir='ltr'><strong>cis,</strong></span> <span class='ocrx_word' id='word_1_179' title='bbox 710 4345 755 4390; x_wconf 89' lang='lat' dir='ltr'><strong>os,</strong></span> <span class='ocrx_word' id='word_1_180' title='bbox 771 4327 847 4378; x_wconf 85' lang='lat' dir='ltr'><strong>ovico</strong></span> <span class='ocrx_word' id='word_1_181' title='bbox 864 4348 893 4376; x_wconf 70' lang='lat' dir='ltr'><strong>ee</strong></span> <span class='ocrx_word' id='word_1_182' title='bbox 909 4330 1009 4397; x_wconf 78' lang='lat' dir='ltr'><strong>conject.</strong></span> 
     </span>
    </p>
   </div>
   <div class='ocr_carea' id='block_1_18' title="bbox 0 0 1714 5392">
    <p class='ocr_par' dir='ltr' id='par_1_18' title="bbox 0 0 1714 5392">
     <span class='ocr_line' id='line_1_26' title="bbox 0 0 1714 5392; baseline 0 1"><span class='ocrx_word' id='word_1_183' title='bbox 0 0 1714 5392; x_wconf 95' lang='lat' dir='ltr'><strong> </strong></span> 
     </span>
    </p>
   </div>
  </div>
 </body>
</html>
