3417 5392
464 539 501 593 10
836 531 1002 602 IilCllERl
1028 529 1103 591 Llss.
1131 529 1154 590 lss

460 635 591 733 inquit,
617 633 730 704 Gallia
749 649 908 704 monstra
926 657 1001 702 non
1019 631 1163 722 habuit,
1185 633 1248 704 sed
1266 635 1350 704 viris
1377 634 1529 732 pruden-

460 751 554 823 tibus
578 765 614 822 et
631 748 927 847 eloquentissimis
946 773 1086 846 semper
1110 749 1251 821 claruit,
1267 779 1284 816 n
1315 755 1443 823 Praeter
1459 751 1530 823 haec

459 890 604 964 quoque
630 865 741 961 Belgae
767 863 872 935 rebus
890 864 1120 962 disponendis
1144 867 1369 962 insignioreS,
1403 866 1531 938 robore

460 995 567 1078 atque
596 979 738 1056 audatia
770 1004 843 1050 non
874 980 1045 1078 impares3
1074 982 1226 1052 maxima
1248 1006 1397 1079 quaeque
1423 985 1531 1080 magis

460 1097 602 1194 iugenio
620 1121 729 1193 quarn
746 1095 879 1172 viribus
897 1111 1089 1195 appetunt,
1111 1113 1145 1169 et
1163 1099 1192 1170 si
1212 1099 1354 1195 ingenio
1372 1098 1409 1169 in
1428 1122 1530 1196 appe·

459 1212 574 1287 undis
595 1227 790 1300 cassantur,
811 1210 944 1286 viribus
964 1212 1132 1286 audacter
1149 1229 1298 1286 utuntur
1317 1241 1324 1283 ε
1345 1213 1414 1284 cibi
1427 1215 1531 1286 etiam

459 1345 636 1427 potusque
652 1328 745 1400 adeo
769 1328 879 1426 parci.
901 1328 1007 1400 Celtae
1023 1353 1108 1400 vero
1127 1353 1168 1400 ac
1188 1329 1363 1427 Aquitani,
1384 1329 1530 1402 consilio

461 1444 566 1517 simul
591 1459 627 1516 et
654 1444 795 1515 audatia
816 1444 980 1542 plurimi,
1010 1444 1115 1516 rebus
1139 1445 1311 1518 seditiosis
1336 1447 1528 1518 commodi.

460 1561 566 1632 Celtae
579 1555 698 1632 temen
716 1561 827 1657 magis
845 1560 1004 1658 providi,
1038 1557 1200 1658 Aquitani
1229 1587 1315 1634 vero
1338 1563 1531 1662 praecipites

461 1692 626 1774 aguntur,
638 1677 903 1776 plurimumque
911 1678 948 1748 in
957 1677 1120 1749 ciborum
1129 1679 1527 1777 rapiuntureppetitum.

461 1793 569 1880 Quod
587 1795 636 1864 sic
649 1809 702 1866 est
715 1795 765 1865 eis
776 1795 952 1882 innatum,
970 1809 1009 1865 ut
1018 1809 1145 1893 praeter
1157 1808 1320 1866 naturam
1338 1817 1413 1864 non
1428 1817 1532 1892 appe·

461 1925 548 1980 tant.
571 1910 661 1980 Hinc
678 1925 714 1982 et
731 1909 929 2008 Sulpicius:
948 1940 964 1977 u
981 1910 1166 1999 Edacitas,
1187 1911 1322 2008 inquit,
1348 1911 1385 1981 in
1404 1909 1541 1982 Graecis'

462 2025 544 2122 gula
561 2043 630 2117 est,
656 2029 693 2098 in
713 2027 821 2099 Gallis
842 2043 979 2099 natura.
996 2031 1097 2100 »Hos
1115 2052 1240 2100 omnes
1262 2025 1417 2127 populos
1439 2027 1525 2098 etsi*

462 2157 589 2213 natura
602 2143 748 2234 feroces,
769 2144 815 2215 ab
832 2144 980 2242 antiquo
1002 2143 1075 2215 fere
1097 2169 1162 2243 per
1191 2143 1338 2214 omnia²
1363 2168 1531 2243 prospere

463 2259 585 2355 egisse,
606 2273 741 2330 etcum
759 2260 887 2357 pagani
902 2259 915 2296 ⁸
929 2274 1058 2350 essent,
1080 2259 1234 2332 historiae
1245 2259 1390 2330 tradunt
1407 2260 1433 2330 ⁴.
1451 2264 1533 2332 Post

461 2399 547 2445 vero
559 2399 580 2445 a
593 2389 714 2445 sancto
730 2376 887 2474 Remigio
903 2374 915 2411 ⁵
936 2373 1115 2473 baptizati,
1132 2375 1317 2473 adprime⁶
1334 2374 1531 2466 clarasem·

461 2515 527 2590 per
542 2505 578 2562 et
594 2490 743 2561 illustri'
768 2491 913 2562 victoria
930 2492 1142 2565 emicuisse⁸
1164 2492 1334 2566 feruntur.
1368 2495 1530 2579 Quorum

461 2633 605 2707 quoque
622 2608 759 2707 primus
776 2633 838 2679 rex
855 2607 1083 2700 christianus,
1112 2607 1312 2680 Clodoveus
1330 2607 1435 2682 fuisse
1463 2623 1531 2681 tm·

461 2724 576 2794 ditur:
598 2749 620 2794 a
641 2749 715 2821 quo
737 2749 802 2821 per
825 2723 1048 2796 succedentia
1073 2740 1235 2824 tempora
1258 2725 1528 2822 imperatoribus

459 2841 606 2936 egregiis
629 2866 685 2910 res
704 2840 846 2937 publica
859 2840 1053 2937 gubernata
1071 2840 1176 2912 fuisse
1194 2839 1402 2930 dinoscitur,
1418 2865 1526 2938 usque

460 2956 507 3027 ad
524 2955 706 3046 Karolum,
728 2980 839 3053 aquo
858 2955 1012 3027 historiae
1025 2981 1205 3028 sumemus
1228 2957 1379 3027 initium.

495 3173 504 3203 ¹
522 3192 574 3224 ‘uox
587 3173 693 3224 abscisa.

494 3259 505 3289 ²
522 3277 550 3328 p.
561 3276 588 3309 ο.
603 3257 717 3318 abscisa,·
730 3257 808 3313 locem
822 3257 965 3310 Ellelardo
979 3257 1090 3310 adhibito
1106 3261 1209 3310 restitui.

494 3341 505 3371 ³
523 3357 569 3392 um
582 3359 617 3410 pu
630 3339 733 3391 abscisa.
965 3357 969 3364 ’

496 3426 507 3457 ⁴
524 3443 546 3476 re
558 3438 600 3477 tra
613 3423 717 3477 abscisa.

495 3512 506 3539 ³
525 3510 617 3561 auli.
632 3509 736 3560 absciso.

496 3596 508 3623 ⁸
525 3592 601 3663 ndpri
617 3593 744 3644 abscisum.

495 3678 505 3707 ⁷
524 3693 540 3726 n
553 3693 663 3745 semper,
678 3675 752 3727 lustri
768 3675 874 3728 abscisa.

497 3762 508 3797 t
525 3758 610 3810 emicu
623 3758 750 3811 abscisum.
