3417 5392
457 501 494 558 16
568 507 571 513 '
832 493 999 554 lthllElll
1019 495 1093 555 LlB.
1119 495 1143 552 1.

452 613 647 686 consulturi
660 614 890 686 conveniunt.
901 619 940 684 ln
953 639 1025 711 quo
1039 628 1232 703 conventu,
1244 616 1522 712 sapientiumusi

453 730 614 820 consilio,
637 728 816 826 fidemque
832 731 944 828 pacti,
965 731 1002 800 in
1020 729 1250 802 concordiam
1263 733 1453 804 maximam
1472 759 1524 805 re-

454 855 568 943 diere3
585 852 817 925 contumelias
830 875 852 918 a
865 851 1023 920 barbaris
1036 852 1180 942 injectas
1192 852 1307 924 ultum
1329 853 1379 925 ire
1396 859 1520 953 parati.

454 975 498 1039 Et
506 970 590 1065 quia
603 964 753 1037 Karolus
764 962 945 1039 vixadhuc
957 965 1104 1035 triennis
1115 979 1201 1054 erat,
1219 964 1264 1035 de
1277 990 1357 1062 rege
1370 972 1525 1044 creando

455 1085 667 1172 deliberant;
684 1107 758 1153 non
777 1097 817 1152 ut
834 1081 1048 1171 desertores,
1065 1079 1129 1152 sed
1142 1082 1229 1152 utin
1242 1081 1461 1154 adversarios
1474 1088 1525 1158 in-

454 1203 650 1298 dignantes.
1011 1205 1016 1212 ’
1139 1193 1142 1202 ’

743 2429 778 2479 V.
788 2426 908 2497 -Regis
924 2445 1005 2498 genus
1019 2425 1119 2496 atque*
1135 2427 1250 2478 fortuna.

513 2607 614 2674 Anno
625 2605 632 2640 ¹
646 2605 765 2702 itaque
777 2602 1243 2676 incarnationisdominicae²
1254 2605 1337 2676 888.
1348 2601 1377 2702 [l
1386 2599 1491 2675 oKal.
1504 2601 1531 2702 ³]

463 2713 568 2790 Mart.
585 2721 709 2817 quinta
731 2722 828 2810 feria,
845 2719 1029 2791 communi
1050 2719 1206 2810 decreto,
1234 2717 1400 2791 Odonem
1417 2719 1533 2790 virum

465 2834 652 2918 militarem
678 2861 719 2907 ac
741 2852 927 2908 strenuum
951 2837 987 2906 in
1012 2835 1154 2908 basilica
1177 2835 1313 2908 sancti⁴
1321 2891 1392 2906 .....
1414 2861 1533 2932 regem

464 2966 596 3022 creant.
614 2953 678 3024 Hie
701 2967 838 3051 patrem
860 2951 984 3023 habuit
1007 2977 1049 3026 ex
1069 2952 1222 3049 equestri
1244 2951 1370 3023 ouline
1389 2951 1534 3024 Rotber-

467 3081 559 3157 tu'm3
574 3063 682 3139 avum
694 3094 780 3140 vero
797 3084 998 3166 paternum,
1015 3067 1247 3140 Witiehinum
1264 3067 1439 3140 advenam
1450 3073 1535 3140 Ger

465 3208 624 3256 manum.
646 3189 861 3281 Creatusque
880 3209 958 3274 rex,
979 3199 1120 3256 strenue
1140 3197 1245 3280 atque
1262 3183 1393 3256 utiliter
1414 3186 1533 3256 omnia

465 3301 585 3396 gessit,
607 3301 846 3399 praeterquod
865 3303 901 3371 in
914 3300 1055 3373 militari
1073 3300 1241 3390 tumultu,
1259 3325 1374 3372 raram
1388 3325 1533 3400 compo-

466 3417 576 3489 nendi
588 3417 667 3488 lites
677 3432 853 3517 potestam
864 3416 1024 3488 habuit³.
1042 3421 1130 3487 Nam
1143 3431 1296 3514 pyratas,
1311 3417 1417 3512 signis
1429 3415 1534 3488 eolla·

465 3533 522 3623 tis,
537 3535 628 3604 intra
650 3535 848 3606 Neustriam
872 3533 999 3632 septies
1021 3532 1126 3621 fudit,
1152 3557 1192 3602 ae
1215 3534 1252 3604 in
1276 3531 1393 3628 lirgam
1412 3533 1532 3604 novies

465 3649 638 3748 compulit
649 3649 677 3719 ⁶.
700 3654 812 3746 Atque
825 3649 897 3720 hoc
911 3649 981 3720 lere
998 3674 1064 3747 per
1080 3649 1374 3745 quinquennium.
1396 3649 1532 3736 Quibus

502 3823 517 3846 ¹
535 3837 551 3869 a
562 3817 675 3869 deletum.

504 3908 512 3927 ²
532 3902 659 3954 abscisum.

502 3971 514 3999 ⁸
531 3973 659 4024 abscitum.

503 4044 514 4071 ²
532 4044 635 4096 abscisa.

502 4117 513 4144 ⁴
531 4134 583 4165 nor
593 4117 681 4166 omissa
692 4127 737 4165 est.

502 4187 513 4214 ⁸
531 4186 559 4236 h.
579 4203 611 4236 eo
622 4183 693 4255 quod
705 4183 797 4236 milites
809 4183 934 4236 mediocri
946 4183 1076 4238 interdum
1089 4183 1166 4236 subdi
1178 4198 1281 4238 contem
1300 4200 1390 4238 nerent
1402 4185 1492 4238 deleta.

501 4256 510 4284 ¹
531 4273 555 4308 c.
569 4256 650 4308 immo
662 4269 687 4308 et
698 4275 714 4307 n
724 4255 821 4308 linibus
831 4255 968 4325 galliarum
979 4256 1082 4326 penitus
1094 4256 1236 4309 eliminavit
1248 4203 1337 4308 deira.
