3417 5392
467 431 506 493 24
836 429 1003 492 RlCllERl
1026 431 1101 491 ΜΒ.
1126 431 1152 489 l.

465 551 594 622 sidiose
613 551 651 620 in
669 550 797 622 abditis
811 551 1000 639 latuerant,
1016 575 1059 621 ex
1073 550 1220 647 obliquo
1233 554 1370 624 viarum
1388 555 1533 626 irruere.

466 668 633 753 Quicum
646 668 792 766 gradivo
803 669 942 740 incessu
956 668 1252 766 propinquarent,
1264 693 1447 770 armorum
1460 671 1538 744 luce

466 782 513 854 ab
535 782 824 857 observatoribus
844 782 977 880 cogniti
999 796 1100 872 sunt3
1125 783 1300 881 factoque
1317 786 1417 882 signo
1445 810 1540 857 esen

466 900 556 971 citus
573 901 611 970 in
629 926 743 972 unum
760 900 864 973 redit.
888 903 961 970 Rex
980 898 1092 970 multo
1115 900 1234 999 plures
1256 901 1424 973 advenire
1451 901 1541 973 arbi·

339 1107 342 1114 Ι
467 1031 594 1105 naurs,
613 1041 698 1088 suos
707 1017 871 1088 hortatur
883 1015 1081 1114 stipatores,
1096 1026 1136 1088 ut
1152 1019 1289 1116 priores
1300 1019 1439 1090 anirnos
1446 1043 1541 1089 resu-

467 1149 584 1224 mant,
604 1133 716 1220 imrno
735 1148 770 1205 et
787 1158 863 1204 non
882 1133 1064 1204 amittant:
1086 1132 1195 1206 decus
1213 1159 1280 1232 pro
1298 1134 1412 1232 patria
1428 1136 1537 1225 mori,

467 1251 718 1348 egregiumque
743 1261 810 1348 pro
840 1248 1115 1320 christianorum
1145 1249 1351 1322 defensione
1388 1275 1540 1348 corpora

468 1367 577 1438 morti
606 1366 714 1456 dare,
748 1365 869 1436 multis
898 1364 1122 1478 sennonibus
1150 1390 1320 1438 asserens.
1359 1366 1541 1438 Exercitus

468 1485 587 1580 itaque
604 1482 793 1572 densams,
811 1482 894 1553 licet
911 1482 1097 1564 attterioris
1113 1481 1198 1556 belli
1211 1481 1417 1564 vulneribus
1435 1507 1537 1581 aeger,

470 1613 589 1673 tamen
607 1597 774 1683 obvenire
793 1623 867 1670 non
886 1596 1032 1670 distulit.

508 2893 558 2947 11.
570 2923 606 2936 -
617 2895 684 2966 lngo
694 2911 727 2948 ex
738 2875 915 2948 mediobribus
927 2895 1011 2947 ctum*
1024 2895 1091 2966 regis
1102 2895 1200 2966 signo*
1213 2894 1311 2954 bellum
1327 2891 1506 2964 ingreditur*.

520 3081 565 3146 Et
591 3102 675 3149 etun
692 3079 882 3174 agitaretur
899 3079 978 3175 quis
995 3079 1131 3175 regium
1161 3079 1301 3176 signum
1323 3075 1477 3167 efferret,
1500 3101 1543 3148 eo

472 3194 574 3292 quod
585 3195 623 3266 in
636 3209 734 3266 tanta
751 3193 928 3267 nobilium
945 3220 1056 3268 manu
1074 3193 1191 3266 nullus
1205 3195 1281 3266 sine
1292 3192 1441 3264 vulnere
1452 3193 1544 3264 vide·

470 3309 576 3383 batur
602 3310 711 3409 idque
728 3336 855 3384 omnes
884 3313 1071 3402 evitarent,
1098 3311 1256 3384 emedio
1274 3310 1438 3382 omniurn
1458 3313 1543 3409 lngo

470 3427 622 3529 prosilit,
638 3453 680 3499 ao
692 3427 882 3500 militatum
894 3453 970 3501 sese
988 3429 1152 3520 offerens,
1175 3427 1419 3528 inperterritus
1432 3425 1540 3498 dixit:

470 3548 546 3642 Ego
565 3570 612 3614 ex
638 3542 884 3632 manaen,
909 3549 1001 3644 regis
1020 3571 1128 3644 agaso
1140 3601 1150 3634 ‚
1167 3548 1201 3616 si
1221 3543 1398 3642 majorum
1421 3543 1547 3642 honori

473 3685 546 3730 non
565 3659 764 3760 derogatur,
784 3665 925 3760 sagnam
946 3667 1079 3762 regium
1094 3688 1165 3760 per
1185 3661 1336 3768 bostium
1348 3661 1442 3730 acces
1461 3657 1545 3755 esse·

474 3799 565 3846 ram.
592 3783 665 3848 Nec
678 3777 870 3872 fornemrm
899 3778 982 3850 belli
1004 3777 1204 3877 antbt'guam
1236 3801 1441 3873 cupersanen,
1469 3800 1545 3844 cum

471 3891 583 3974 senoel
589 3919 646 3963 me
656 3897 866 3968 murinarum
876 3921 1053 3994 cognosco.
1072 3895 1124 3966 Ad
1137 3894 1212 3968 haee
1223 3892 1305 3964 Odo
1319 3917 1380 3964 rex
1395 3919 1402 3960 :
1417 3897 1546 3961 Nostro

387 4012 392 4016 ’
473 4009 588 4106 inquit
605 4009 712 4096 donn,
741 4036 783 4080 uc
800 4015 1007 4109 principum
1023 4012 1195 4084 uoluntate
1212 4006 1362 4108 signifer
1374 4023 1459 4079 esto.
1488 4007 1546 4078 llle

511 4202 526 4230 ¹
544 4199 602 4252 ibus
614 4217 688 4265 cum,
701 4217 752 4265 no,
766 4219 810 4270 gre
821 4202 924 4254 absciso.
