3417 5392
467 525 506 581 ss
848 508 1161 577 creauerunt.
1276 469 1278 472 ⁵

345 701 348 709 .
466 643 588 714 bertus
598 664 682 714 mox
691 641 883 712 exhaustus
896 639 1065 735 sanguine
1079 652 1115 709 et
1122 639 1364 727 intercertans,
1381 651 1539 708 mortuus

467 760 605 832 cecidit.
628 765 845 854 Interempto
865 780 951 842 vero
971 753 1153 844 Rotberto,
1176 757 1320 826 tentavi
1332 753 1437 826 caedis
1452 769 1539 824 uter·

468 902 540 974 que
553 876 701 948 deseviit
713 873 899 960 exercitus,
914 872 1003 942 utin
1017 887 1117 969 parte
1132 872 1224 968 ejus*
1245 871 1412 944 undecim
1427 869 1536 960 milia,

468 995 505 1062 in
524 987 624 1090 parte
636 1016 721 1062 vero
734 988 854 1060 Karoli
868 1004 1003 1086 septem
1026 988 1122 1059 milia
1136 1003 1279 1060 centum
1300 988 1541 1088 duodeviginti

469 1134 489 1179 a
507 1108 710 1181 Flodoardo
728 1106 925 1205 presbitero
948 1105 1040 1178 ferro
1059 1107 1231 1178 interiisse
1250 1106 1468 1205 descriptum
1485 1107 1537 1177 sit.

469 1230 514 1296 Et
526 1227 601 1321 jam
623 1225 769 1323 quidem
788 1211 908 1293 Karoii
922 1223 1067 1294 victoria
1085 1221 1284 1312 videbatur,
1310 1247 1354 1294 eo
1379 1223 1480 1320 quod
1501 1229 1540 1296 ti-

470 1367 584 1429 ranno
601 1343 732 1431 occis0,
758 1340 819 1437 qui
842 1339 935 1422 illius
948 1333 1091 1419 ‘suerent
1115 1341 1151 1410 in
1178 1340 1296 1437 fugam
1321 1340 1539 1434 ferebantur3

470 1486 553 1547 cum
562 1482 645 1531 'ecce
656 1462 774 1556 Hug0,
789 1456 949 1528 Rotberti
959 1454 1063 1545 filius,
1080 1457 1139 1527 vix
1153 1456 1491 1555 adhucpubescens,
1508 1461 1541 1531 in

470 1575 630 1674 praelium
643 1575 689 1646 ab
709 1573 894 1646 Heriberto
911 1572 1110 1664 deducitur,
1132 1577 1375 1672 succurritque
1395 1575 1542 1647 labenti-

470 1692 549 1762 bus.
584 1693 629 1762 Et
647 1692 729 1763 licet
746 1716 829 1762 cum
848 1691 961 1790 copiis
979 1689 1179 1783 advenerit,
1202 1707 1321 1764 tamen
1341 1709 1466 1792 utpote
1484 1697 1542 1791 qui

470 1810 592 1910 patre²
607 1811 737 1882 amisso
749 1833 876 1880 omnes
892 1824 1074 1906 suspectos
1085 1807 1252 1900 habebat,
1269 1811 1440 1908 nulloque
1455 1811 1542 1883 duce

471 1928 580 2001 fietus
593 1944 684 2018 erat,
703 1953 725 2000 a
741 1927 826 1998 belli
844 1925 1012 1997 violentia
1029 1927 1173 2022 quievit.
1201 1927 1292 1998 illud
1310 1943 1448 1999 tantum
1471 1954 1541 1999 me-

358 2115 364 2124 ,
472 2045 645 2116 morabile
663 2045 768 2116 fuisse
782 2041 971 2132 refertur³,
993 2043 1093 2140 quod
1111 2043 1210 2115 nullo
1230 2046 1412 2117 resistente
1426 2047 1542 2117 iocum

472 2162 557 2234 belli
574 2162 778 2259 occupavit,
799 2175 832 2231 et
851 2159 1106 2258 aliquantisper
1130 2161 1166 2230 in
1187 2186 1231 2232 eo
1250 2163 1361 2249 stetit,
1382 2165 1452 2234 acsi
1472 2189 1542 2234 ma-

473 2278 600 2350 nubias
621 2278 781 2350 hostium
805 2277 1021 2384 direpturus.
1045 2277 1148 2348 Unde
1167 2295 1203 2350 et
1228 2279 1294 2350 sibi
1311 2281 1424 2352 'victor
1449 2279 1542 2352 vide·

472 2395 613 2466 batur⁴.
641 2395 793 2466 Karolus
810 2419 897 2465 vero
923 2392 971 2464 ob
989 2419 1115 2466 necem
1133 2395 1263 2467 tiranni
1276 2398 1422 2469 victoria
1440 2398 1544 2498 potiri

473 2537 549 2584 sese
567 2510 726 2610 putabat.
748 2515 975 2609 Quapropter
993 2526 1029 2581 et
1048 2535 1178 2609 anceps
1198 2513 1345 2585 victoria
1362 2515 1441 2603 suit,
1464 2541 1544 2586 cum

474 2629 599 2701 Celtae‘
617 2630 815 2700 desertores
833 2653 953 2724 regem
972 2619 1165 2699 extinctum
1183 2631 1380 2721 amiserint,
1397 2633 1545 2703 Karolus

474 2769 561 2815 vero
574 2744 664 2815 nihil
677 2744 874 2844 spoliorum
889 2744 1051 2840 attigerit.
1067 2749 1238 2817 Neutrum
1250 2748 1262 2784 ⁰
1278 2748 1421 2820 illorum
1435 2749 1544 2849 spolia

475 2861 681 2961 diripuisse⁶
704 2859 887 2958 contigit⁸.
915 2861 1023 2955 Cujus
1042 2863 1091 2933 rei
1116 2865 1359 2961 oportunitas⁰
1381 2893 1465 2938 cum
1486 2871 1547 2938 Ka·

475 2979 575 3050 rolo⁶
597 3003 672 3050 non
691 2961 873 3068 defuisset,
902 2977 999 3052 nulla
1018 2980 1158 3051 tamen⁰
1182 2980 1309 3053 ductus
1328 2984 1541 3082 cupiditate⁶

475 3119 552 3164 rem
572 3095 732 3194 penitus⁷
762 3095 896 3165 vitavit.
922 3099 1010 3165 Nam
1034 3097 1243 3194 transfugis⁸
1268 3101 1464 3197 plurimum
1485 3100 1545 3172 dis·

476 3208 611 3301 fidens,
641 3227 766 3310 utpote
797 3212 857 3308 qui
886 3212 1078 3284 maximam
1101 3218 1273 3288 exercitus
1299 3235 1437 3315 partem
1466 3221 1546 3290 arni·

476 3344 586 3418 serat,
623 3354 707 3400 moa
734 3331 799 3400 iter
824 3330 899 3399 sine
929 3329 1049 3428 spoliis
1080 3333 1114 3402 in
1146 3333 1351 3430 Belgicam⁸
1388 3337 1541 3422 retorsit,

511 3555 518 3584 ¹
540 3556 649 3608 rotberti
663 3559 688 3607 i.

511 3638 523 3668 ¹
542 3643 641 3709 regei.

512 3723 690 3776 'referuntur
714 3723 775 3776 cod.
801 3725 952 3793 negligentia
972 3727 1095 3798 scriptoris
1117 3732 1159 3800 qui
1177 3730 1296 3804 pdtmlenp
1321 3751 1444 3782 ttmnrmm
1461 3734 1484 3782 in
1505 3732 1544 3782 inc

477 3821 573 3866 tautam
579 3827 641 3858 voce
652 3821 676 3859 et
688 3811 713 3859 iu
726 3809 811 3860 ultima
819 3813 941 3861 sententia
949 3830 997 3862 non
1006 3815 1119 3865 correxit.

513 3891 524 3921 ⁴
543 3891 654 3944 victores
666 3891 821 3948 videbantur
832 3893 887 3944 cod.

511 3977 602 4047 l'galli
617 3980 640 4028 i.

511 4061 523 4092 ⁸
541 4079 585 4126 m,
598 4061 652 4125 uis,
663 4061 697 4124 it,
710 4080 737 4124 o,
751 4064 840 4126 aroio,
854 4078 917 4127 sset,
931 4085 1007 4129 men,
1022 4067 1059 4118 idi
1072 4088 1101 4118 rr
1113 4072 1259 4138 conjecturo.

512 4147 522 4178 ²
541 4145 617 4215 pnitu
632 4165 637 4199 :
651 4145 707 4196 cod.

514 4230 614 4298 *gallis
629 4231 653 4280 i.

514 4315 525 4343 ³
544 4314 703 4381 germaniam
717 4318 746 4390 t.¹
