3417 5392
456 540 514 598 238
829 530 992 592 RlCHERl
1015 527 1087 590 ΗΒ.
1111 527 1154 587 ll.

460 689 477 726 a
500 680 582 729 cum
596 679 616 725 a
629 652 787 749 cognatis
801 666 837 723 et
849 650 971 723 amicis
987 650 1076 722 meis
1088 647 1352 745 indignantibus
1366 672 1444 721 sese
1459 650 1524 719 im·

459 811 476 848 a
498 777 694 878 petendum
708 774 928 864 adverteret,
948 772 1166 845 libertatem*
1184 770 1378 870 spopondit
1394 772 1424 842 si
1436 776 1525 843 lau·

461 932 478 969 α
500 902 639 997 dunum
661 898 846 997 acciperet.
869 902 946 968 Hoc
959 911 1098 967 tantum
1119 892 1321 986 claudebar,
1353 894 1425 965 hoc
1447 893 1524 965 solo

461 1048 479 1086 u
501 1042 584 1089 cum
597 1040 707 1087 uxore
719 1029 754 1085 et
766 1014 859 1084 natis
870 1011 1075 1112 recipiebar.
1093 1010 1189 1099 Quid
1199 1010 1380 1083 facerem?
1402 1016 1525 1083 Castro

461 1163 478 1201 a
500 1135 609 1205 vitam
626 1130 822 1231 praeposui,
846 1154 914 1228 pro
926 1142 1041 1199 castro
1051 1126 1249 1199 libertatem
1262 1129 1388 1201 merui.
1418 1131 1461 1199 Et
1479 1152 1524 1199 en

461 1280 479 1318 «
501 1247 668 1321 omnibus
692 1247 871 1346 privatus,
896 1245 1059 1317 omnium
1079 1234 1190 1342 opem¹
1210 1237 1388 1341 deposco!
1414 1244 1475 1315 His
1497 1246 1527 1315 si

462 1398 479 1434 u
497 1366 568 1437 dux
580 1364 757 1437 contraire
769 1361 917 1454 audeat,
937 1360 1193 1433 nobistantum
1211 1360 1431 1457 singulariter
1443 1384 1528 1431 eon·

462 1461 480 1551 'a
502 1480 736 1580 grediendum
747 1481 803 1551 sit.
822 1507 840 1546 n
1306 1464 1312 1475 ’

655 1662 779 1723 LXXIV.
789 1698 826 1711 -
834 1670 925 1723 Oratio
936 1669 1106 1723 *notberti*
1116 1688 1166 1742 pro
1178 1668 1324 1723 Lndovico.

510 1826 648 1915 Quibus
667 1826 787 1925 palam
808 1826 1060 1925 promulgatis,
1084 1826 1272 1898 Rotbertus
1290 1825 1530 1925 metropolita·

461 1970 529 2016 nus
560 1944 762 2017 subinfert:
801 1944 1043 2033 «Quoniam,
1074 1972 1092 2011 »
1137 1944 1327 2039 inquiens,
1367 1973 1386 2011 u
1406 1942 1531 2015 domni

465 2092 483 2130 u
505 2076 611 2159 atque
640 2060 852 2133 serenissimi
882 2062 972 2157 regis
1003 2060 1086 2131 satis
1116 2058 1270 2132 breviter
1303 2084 1346 2131 ac
1377 2057 1530 2131 dilucide

465 2208 482 2245 ι(
505 2177 696 2275 digestam,
720 2176 867 2275 optime,
890 2192 931 2249 ut
956 2176 1120 2264 arbitror,
1142 2177 1437 2273 conquestionem
1453 2202 1532 2275 per

465 2295 688 2392 «cepimus,
724 2318 945 2390 consequens
968 2292 1120 2382 videtur,
1154 2307 1194 2364 ut
1217 2293 1293 2387 ejus
1323 2318 1466 2365 causam
1496 2293 1531 2365 in

465 2439 483 2476 a
504 2423 679 2505 quantum
691 2408 741 2479 fas
752 2422 804 2489 est
816 2407 1106 2481 determinemus.
1116 2413 1304 2506 Duxergo,
1318 2410 1402 2506 quia
1413 2410 1534 2481 omnia

466 2546 598 2622 «pene
629 2523 728 2619 regni
749 2522 829 2618 jura
858 2523 896 2592 iu
919 2548 995 2594 sese
1021 2522 1227 2614 transfudit,
1265 2524 1369 2621 eique
1399 2522 1534 2594 viribus

467 2668 485 2707 u
506 2639 610 2711 reniti
634 2663 709 2709 non
735 2638 912 2729 valemus,
937 2640 1055 2710 mitius
1078 2639 1148 2710 hoc
1173 2638 1457 2738 attemptandum
1479 2664 1534 2710 ar·

468 2786 486 2823 u
507 2755 632 2845 bitror,
655 2771 717 2845 ut,
737 2744 799 2852 dui
817 2758 934 2827 Deum
960 2781 1034 2826 non
1054 2742 1180 2827 metuit
1201 2771 1238 2827 et
1252 2754 1438 2827 hominem
1459 2780 1533 2827 non

469 2902 487 2941 u
509 2886 702 2962 reveretur,
717 2870 830 2943 multa
847 2873 985 2944 ratione
1001 2872 1183 2971 multaque
1197 2899 1317 2945 rerum
1335 2874 1535 2947 considera·

469 3019 486 3056 u
509 2989 625 3078 tione,
648 2987 694 3060 ad
712 3012 895 3078 normam,
917 2993 994 3060 Deo
1003 2990 1169 3085 juvante,
1193 2990 1394 3062 reducatur.
1406 2991 1531 3088 igitur,

470 3136 487 3172 u
506 3106 605 3201 juxta
629 3120 771 3204 patrum
804 3103 946 3178 decreta
969 3121 1005 3177 et
1027 3131 1208 3178 canonum
1229 3107 1407 3205 regulam,
1429 3108 1535 3207 inpri-

471 3253 488 3290 α
510 3223 577 3292 mis
600 3221 646 3293 ad
665 3222 939 3294 satisfactionem
955 3222 1108 3296 fraterne
1133 3223 1334 3298 monendus
1353 3238 1430 3317 est,
1451 3249 1534 3315 ,ven

470 3369 488 3407 u
509 3338 635 3435 bisque
669 3339 836 3410 suasoriis
863 3338 910 3411 ad
944 3339 982 3410 id
1013 3340 1271 3414 modestissime
1297 3340 1527 3414 revocandus.

470 3483 488 3519 a
509 3452 617 3540 Quod
635 3454 677 3544 si,
698 3469 782 3553 post
798 3453 969 3527 blandam
991 3458 1226 3530 revocationis
1242 3459 1534 3533 ammonitionem

471 3598 490 3637 α
511 3570 714 3667 resipiscere
728 3571 882 3644 noluerit
896 3572 925 3661 ²,
951 3574 1114 3644 omnium
1131 3574 1353 3648 anathemate
1378 3575 1529 3667 feriatm,

473 3714 492 3753 u
507 3684 580 3757 hoc
590 3686 762 3759 habentes
779 3687 956 3786 praesidio,
972 3688 1187 3785 quodjama
1205 3690 1341 3763 domno
1355 3716 1448 3791 papa
1458 3718 1531 3765 cor·

507 4037 521 4065 ⁴
540 4035 588 4099 Or,
602 4034 669 4085 berti
681 4032 785 4085 absciso.

511 4124 518 4155 ¹
539 4122 651 4176 reditum
663 4126 685 4174 Ι.

509 4217 520 4245 ²
539 4234 566 4265 n.
580 4214 653 4265 tertia
665 4214 742 4283 hujus
754 4212 840 4265 sinodi
853 4214 896 4266 dic
908 4215 997 4267 detera.
