3417 5392
465 553 522 608 106
585 621 590 627 ι
836 539 1002 606 RICHERI
1023 544 1097 604 LlB.
1123 545 1145 602 l.

518 727 602 776 LVII.
612 755 647 766 —
659 725 734 794 Regis
747 727 759 757 i
776 743 805 776 ac
816 729 990 798 pyratarum}
1004 723 1134 776 conflictio
1143 729 1169 788 ἢ,
1183 741 1323 792 eorumque
1332 728 1345 756 ¹*
1360 724 1428 775 lusio
1438 727 1463 774 ¹³.

513 871 638 942 Edicto
660 896 743 968 ergo
761 871 878 967 regio,
906 869 1071 942 omnibus
1090 871 1149 966 qui
1168 869 1214 940 de
1232 869 1372 940 militari
1399 871 1525 944 ordine

463 988 627 1060 valebant
654 989 772 1060 accitis
797 1012 839 1058 ex
857 987 968 1058 Gallia
992 986 1139 1070 Celtica,
1160 1011 1243 1057 cum
1268 986 1387 1056 multis
1411 987 1526 1082 Belge-

463 1129 564 1192 rurn‚
584 1102 775 1175 duodecim
787 1101 952 1173 cohortes
970 1100 1122 1172 ordinat.
1143 1105 1232 1172 Cum
1247 1100 1375 1196 quibus
1389 1102 1455 1172 iter
1474 1125 1526 1171 ar·

462 1220 610 1317 ripiens,
641 1244 752 1315 usque
769 1219 972 1290 lemovicas
989 1218 1160 1316 procedit.
1189 1217 1310 1314 Ibique
1331 1217 1526 1314 legionibus

464 1335 656 1434 dispositis,
685 1360 767 1405 curn
794 1351 924 1432 pyratae
948 1335 1083 1430 regium
1111 1335 1303 1431 equitatum
1325 1359 1398 1404 non
1427 1335 1527 1404 susti·

465 1466 605 1540 nenteS,
626 1451 787 1549 profugio
809 1451 897 1549 eripi
915 1451 1122 1538 niterentur,
1143 1449 1189 1520 ab
1208 1449 1464 1546 Aquitanorum
1482 1449 1526 1520 le·

465 1568 568 1661 gione
587 1566 716 1664 repulsi
733 1583 826 1637 sunt.
850 1571 920 1636 Rex
938 1592 1023 1637 vero
1042 1593 1125 1638 cum
1143 1565 1349 1637 cohortibus
1366 1589 1527 1666 prosecu-

465 1698 538 1769 tus,
562 1683 658 1777 gravi
677 1683 764 1752 cede
779 1708 871 1780 pene
895 1707 1020 1754 omnes
1034 1683 1144 1774 fudit,
1165 1684 1286 1780 paucis
1304 1683 1385 1778 suga
1407 1683 1523 1780 lapsis.

464 1801 623 1882 Suorum
631 1823 717 1869 vero
726 1799 891 1870 nonnulli
905 1800 1067 1888 sauciati,
1085 1825 1126 1872 ex
1139 1799 1285 1872 vulnere
1298 1798 1525 1886 convaluere3

464 1913 572 2012 aliqui
589 1917 695 1986 etiem
713 1916 895 1987 interlecti.
918 1921 1038 2014 ltaque
1060 1917 1190 1987 lactum
1214 1931 1285 2004 est,
1307 1930 1345 1986 ut
1367 1916 1526 2011 Aquitani

466 2033 591 2126 gratias
609 2034 681 2129 regi
699 2033 903 2122 reddentes,
921 2033 1030 2106 multe
1049 2036 1080 2104 ei
1098 2032 1335 2105 benivolentia
1353 2031 1456 2103 subdi
1470 2057 1528 2102 vo·

466 2146 610 2235 luerint,
626 2173 668 2218 ae
683 2148 761 2243 jure
779 2151 987 2220 sacramenti
1012 2152 1047 2220 in
1068 2149 1174 2220 fidem
1195 2149 1427 2220 firmissimam
1446 2173 1529 2219 con·

467 2267 645 2338 cesserint.
672 2267 809 2353 Quibus
832 2267 961 2338 utiliter
990 2270 1150 2366 patratis,
1180 2294 1239 2338 rer
1267 2269 1456 2339 exercitum
1480 2293 1529 2338 re·

467 2381 586 2471 duxit,
606 2382 901 2480 procinctumque
920 2383 1034 2454 solvit.

671 2573 771 2624 LVIII.
783 2601 820 2612 —
829 2572 959 2624 Heriberti
971 2585 996 2624 et
1008 2573 1043 2607 Η
1060 2573 1178 2644 Hugonis
1194 2573 1327 2626 dissensio.

517 2723 611 2788 Dum
628 2720 703 2789 haec
723 2734 938 2815 gererentur,
967 2722 1058 2792 inter
1082 2726 1267 2817 Hugonenr
1286 2719 1295 2750 ¹
1317 2737 1351 2791 et
1373 2719 1530 2790 Heriber-

470 2848 547 2904 tum
574 2832 619 2904 de
642 2833 834 2933 praelaturae
866 2835 1032 2932 dignitate
1057 2836 1133 2906 lites
1160 2838 1352 2933 agitantur;
1385 2835 1529 2906 efferati-

469 2975 540 3046 que
561 2975 636 3022 sese
655 2950 781 3048 praedis
804 2966 838 3022 et
861 2953 1031 3026 incendiis
1054 2954 1203 3050 graviter
1219 2952 1386 3024 afficiunt.
1405 2955 1476 3022 Rex
1495 2952 1528 3021 in

470 3067 692 3138 Heribertum
703 3067 904 3163 indignans,
925 3094 968 3140 eo
982 3070 1080 3166 quod
1096 3069 1250 3169 perfidiae
1261 3084 1442 3167 promtum
1456 3093 1530 3138 esse

469 3196 714 3278 cognosceret,
742 3183 925 3278 Hugonis²
955 3183 1142 3281 partibus²
1172 3183 1284 3254 stabat
1300 3183 1329 3273 ²,
1357 3181 1474 3253 unde'
1497 3197 1529 3252 et

471 3297 675 3368 Heriberti²
706 3298 914 3396 oppidum³
951 3301 1153 3370 Donincum
1184 3301 1348 3387 nomine,
1382 3303 1529 3394 Hugone

468 3416 590 3504 ascito,
612 3439 792 3511 aggressus
810 3433 1004 3513 expugnat,
1025 3441 1065 3488 ac
1083 3430 1225 3515 captum
1243 3417 1361 3488 diruit.
1383 3419 1454 3486 Nec
1467 3417 1528 3484 mi·

468 3555 536 3601 nus
558 3545 594 3602 et
618 3530 819 3601 Atrebatum
847 3530 1031 3602 obsidione
1054 3531 1208 3602 adhibita
1236 3533 1346 3629 cepit,
1368 3531 1528 3626 civesque

470 3647 581 3716 victos
612 3671 654 3717 ac
678 3648 814 3742 juratos
834 3647 900 3718 sibi
925 3649 1102 3719 annexuit.
1134 3653 1203 3719 Rex
1228 3647 1311 3718 inde
1336 3647 1525 3744 digressus,

470 3787 552 3832 curn
570 3764 727 3859 quietum
750 3789 824 3834 sese
842 3763 1083 3854 arbitraretur,
1106 3765 1325 3854 Heribertus,
1348 3766 1528 3836 Germanis

504 3953 518 3980 ⁴
538 3950 575 4011 n,
589 3967 668 4018 pyra,
681 3949 739 4012 flic,
754 3968 804 4018 que
818 3953 830 4001 l
841 3971 871 4000 er
886 3955 986 4020 conjece.

508 4036 542 4066 '¹'
561 4032 688 4084 Heriberti
702 4047 727 4084 et
743 4054 772 4084 ex
788 4039 890 4104 conjeci.

507 4119 515 4148 ¹
535 4119 589 4168 Hem
604 4119 690 4168 codes.

506 4201 517 4230 ¹
535 4201 666 4268 llrtgonls,
683 4220 729 4270 pa,
743 4204 813 4264 stab,
830 4223 881 4265 un,
896 4204 933 4253 llr
951 4225 975 4254 ra
996 4207 1097 4272 ronjrrl.

507 4284 519 4313 ⁵
537 4297 648 4336 castrum
670 4288 691 4334 l.
