3417 5392
448 513 507 574 trs
821 509 987 572 lllCllElll
1010 508 1085 571 tte.
1110 508 1152 569 ΙΙ.

444 655 569 705 arenas
579 632 734 723 collecti,
749 635 971 730 tuguriorum
982 631 1148 704 inoendio
1158 629 1371 728 presentiam
1382 654 1482 705 suum
1499 631 1507 670 ¹

443 752 486 821 iis
507 751 569 846 qui
590 751 628 820 in
656 748 767 821 altero
791 748 894 821 litore
919 762 1019 819 erant
1044 745 1279 817 ostendebant
1292 747 1320 816 ².
1346 747 1399 820 lbi
1419 749 1515 820 enim

446 865 654 936 Adelstanus
678 891 740 937 rex
761 890 845 937 cum
871 867 967 962 regio
991 864 1148 960 equitatu
1180 878 1347 963 nepotem
1371 879 1516 964 praesto-

445 980 599 1054 lantibus
622 982 730 1053 Gallis
751 983 922 1053 missurus
948 980 1080 1052 ederat.
1107 981 1241 1076 Cujus³
1264 980 1363 1077 jussu
1387 981 1517 1053 domus

446 1097 582 1195 aliquot
599 1123 791 1189 succensae,
806 1122 882 1169 sese
902 1096 1085 1168 advenisse
1107 1111 1204 1167 trans
1226 1097 1350 1195 positis
1372 1097 1517 1169 demon·

448 1214 619 1287 strobant.

476 1512 527 1565 IV.
547 1513 649 1584 lingo*
660 1525 686 1564 et
700 1511 793 1580 reliqui
807 1510 952 1562 Galliarum
963 1511 979 1544 ¹*
994 1508 1127 1580 principes
1142 1507 1306 1562 Ludovicum
1315 1511 1331 1544 *
1343 1510 1377 1562 nb
1391 1509 1491 1562 exilio*

609 1606 733 1646 revocant
746 1593 778 1658 *,
794 1596 901 1665 ejusque
913 1593 995 1658 liunt,
1012 1611 1123 1662 eumque
1136 1593 1247 1664 regem*
1263 1605 1361 1645 creant.

499 1755 571 1823 Rex
591 1775 674 1848 ergo
687 1749 854 1821 Odonem
866 1730 1074 1847 episcopum
1089 1749 1116 1837 ⁴,
1131 1729 1212 1847 post
1228 1745 1521 1819 Centhorbricen·

451 1870 544 1941 sium
561 1865 894 1965 metropolitanum,
917 1863 1026 1935 Gallis
1052 1890 1095 1935 ex
1117 1863 1266 1936 adverso
1289 1865 1413 1961 positis
1432 1863 1522 1962 lega-

453 2003 530 2059 tum
559 1984 697 2081 dirigit,
730 2008 865 2080 magnae
897 1980 1068 2079 aequitatis
1090 2007 1131 2052 ac
1154 1980 1364 2078 eloquentiae
1384 1981 1518 2071 virum,

452 2102 673 2173 Ludovicum
691 2125 767 2171 sese
786 2099 937 2169 libenter
958 2099 1148 2168 missurum
1168 2096 1362 2187 mandans,
1376 2099 1406 2169 si
1425 2113 1521 2200 tento

453 2217 554 2289 illurn
575 2217 613 2287 in
633 2215 754 2287 Galliis
776 2215 915 2285 honore
938 2229 1130 2313 proveant,
1156 2229 1290 2310 quanto
1311 2215 1386 2316 ipse
1408 2239 1429 2286 a
1454 2215 1523 2284 suis

453 2349 642 2434 provectus
663 2348 736 2421 cst,
757 2357 840 2402 curn
858 2331 909 2401 illi
929 2332 1036 2402 etiarn
1052 2354 1127 2401 non
1146 2331 1263 2400 minus
1285 2329 1322 2400 id
1339 2329 1453 2402 fecere
1469 2354 1524 2402 va—
1555 2415 1561 2428 1

453 2449 566 2537 leant3
577 2446 684 2545 idque
692 2447 924 2543 jurejurando
936 2471 974 2518 se
981 2446 1134 2518 facturos
1145 2446 1368 2518 confirment.
1382 2445 1524 2533 Quodsi

454 2563 582 2654 nolint,
600 2589 677 2636 sese
688 2564 722 2634 ei
738 2564 906 2635 daturum
917 2587 1065 2634 suorum
1079 2562 1225 2660 aliquod
1238 2588 1442 2660 regnorum,
1453 2587 1524 2660 quo

454 2696 643 2753 contentus
665 2695 701 2751 et
723 2683 794 2752 suis
822 2679 993 2776 gaudeat,
1018 2694 1054 2750 et
1073 2679 1195 2750 alienis
1215 2705 1289 2752 uon
1307 2679 1521 2752 sollicitetur.

455 2800 535 2866 Dux
552 2821 637 2884 cum
656 2796 799 2893 reliquis
813 2795 1007 2868 Galliarum
1025 2796 1247 2893 magnatibus
1268 2796 1306 2868 id
1328 2822 1405 2870 sese
1421 2797 1525 2868 suctu·

455 2938 537 2984 rum
550 2913 688 3002 asserit,
702 2913 732 2983 si
745 2938 807 2983 rex
818 2927 991 2984 creatusa
1011 2913 1082 2984 suis
1101 2913 1255 2984 consiliis
1276 2939 1350 2985 non
1366 2913 1523 3003 absistat;

456 3042 736 3126 prosecutusque
758 3027 987 3124 jurisjurandi
1011 3044 1272 3101 sacramentum
1292 3054 1367 3101 non
1389 3029 1522 3102 abnuit.

457 3149 606 3242 legatus
616 3147 735 3243 itaque
755 3145 907 3236 rediens,
936 3145 1009 3242 regi
1023 3145 1238 3244 praestolanti
1255 3146 1330 3218 haeo
1346 3145 1470 3222 omnia
1480 3171 1527 3218 re·

457 3259 534 3332 fert.
547 3262 651 3332 Unde
662 3278 697 3333 et
704 3285 848 3333 securus
860 3278 1028 3361 nepotem
1040 3287 1122 3332 cum
1135 3263 1174 3334 iis
1187 3264 1247 3360 qui
1261 3263 1358 3363 apud
1369 3289 1407 3335 se
1418 3265 1526 3362 potio-

456 3403 512 3449 res
526 3394 643 3468 eram,
666 3377 778 3450 multu
795 3379 986 3475 insignium
1002 3377 1209 3468 ambitione,
1232 3379 1380 3450 navibus
1399 3380 1522 3476 dirigit.

456 3491 621 3592 Velisque
640 3519 725 3565 aura
741 3493 934 3566 commoda
961 3494 1181 3591 turgentibus
1203 3496 1347 3595 pelagus
1370 3497 1523 3593 ingressi,

458 3635 522 3708 per
545 3611 704 3708 quietum
728 3610 974 3708 spumantibus
1001 3615 1107 3683 remis
1135 3613 1181 3683 ad
1200 3626 1329 3684 terram
1356 3613 1523 3686 feruntur.

458 3727 618 3799 Firmutis
629 3753 714 3800 vero
726 3743 824 3826 tergo
836 3753 951 3800 urenae
962 3728 1113 3800 navibus·
1120 3729 1320 3803 Ludovicus
1334 3731 1522 3829 egreditur,

495 3924 510 3952 ⁴
530 3920 585 3980 Hu,
599 3919 663 3984 Gal,
680 3921 717 3985 L,
730 3922 764 3972 ab
776 3939 806 3983 e,
821 3939 869 3986 ce,
883 3937 995 3988 eumque
1010 3940 1039 3970 ex
1054 3924 1156 3990 conjece.

451 4012 456 4022 '
495 4005 727 4060 'eetiamiist

493 4093 507 4122 ²
525 4089 677 4142 ostendebat
692 4088 781 4139 codex.

497 4189 509 4216 ⁵
527 4186 558 4236 C.
578 4185 656 4236 etiarn
673 4185 682 4234 i
699 4187 724 4235 l.
891 4227 896 4240 ,

497 4271 508 4299 ⁴
527 4289 588 4340 crgo
604 4272 715 4339 legatum
730 4267 851 4320 Odouenr
867 4268 987 4318 abbatem
1005 4271 1028 4318 l.
