3417 5392
493 556 553 614 212
861 554 1027 617 RIOEERI
1048 556 1123 618 LlB.
1148 556 1196 616 11.-

492 685 635 783 negotio
653 682 763 756 fidem
780 682 852 755 dat.
872 687 949 755 Nox
962 684 1079 755 affuit:
1090 687 1240 781 juvenes
1252 685 1468 784 promissum
1484 683 1564 758 fieri

491 796 682 901 postulant.
699 800 760 873 Ille
777 824 874 891 mox,
895 808 1076 901 assumpto
1089 827 1202 900 puero
1214 802 1391 901 privigno,
1408 828 1493 874 eum
1503 803 1562 899 ju·

489 920 639 992 venibus
660 922 697 991 in
718 920 833 991 noctis
857 933 1029 1017 tempesta
1046 917 1092 989 ad
1107 944 1220 991 naves
1236 934 1416 1017 properat.
1439 920 1562 991 Comi·

489 1052 610 1109 tantur
627 1054 662 1110 et
680 1039 846 1133 juvenes,
867 1037 930 1134 qui
952 1034 1181 1112 solitudinem
1203 1034 1382 1125 videntes,
1406 1059 1562 1134 puerum

488 1170 630 1253 raptum
656 1156 693 1225 in
716 1154 891 1248 fluentum
923 1150 1145 1248 demergunt.
1172 1151 1356 1250 Hospitem
1380 1176 1466 1223 vero
1490 1151 1562 1223 cla·

488 1297 587 1345 mare
609 1273 782 1343 nitentem
809 1284 948 1366 gutture
969 1268 1165 1359 invadunt,
1196 1284 1302 1367 atque
1321 1283 1495 1357 mortem,
1523 1268 1561 1340 ui

487 1389 588 1487 quod
604 1368 732 1461 vohint
748 1386 895 1475 efficiat,
916 1387 1207 1477 interminantur,
1223 1386 1437 1459 utvidelicet
1449 1412 1560 1489 naves

486 1505 611 1577 solvat.
634 1508 804 1575 Pervasus
818 1528 904 1599 ergo
921 1528 964 1573 ac
982 1504 1141 1594 tenitus,
1170 1528 1278 1575 naves
1295 1502 1412 1575 soluit.
1434 1506 1560 1575 Consi·

486 1622 606 1719 lioque
627 1622 733 1709 inito,
755 1622 914 1691 vinctum
928 1621 1011 1690 navi
1027 1618 1228 1717 conjitiuut,
1249 1645 1294 1691 ac
1308 1643 1416 1691 naves
1429 1618 1558 1715 singuli

485 1738 639 1836 singulas
657 1737 704 1809 ad
721 1737 802 1808 litus
821 1736 1017 1808 deducunt.
1034 1737 1156 1832 Ejecto
1167 1761 1253 1809 vero
1267 1736 1407 1833 hospite
1419 1736 1555 1825 vineto,

485 1856 606 1928 navim
623 1880 734 1926 unam
751 1878 877 1925 omnes
890 1854 1051 1950 ingressi,
1068 1854 1153 1925 alias
1165 1868 1352 1952 repetunt,
1368 1878 1411 1925 ac
1424 1876 1557 1924 novem

484 1975 613 2046 iterum
638 1972 832 2047 deducunt.
862 1972 1052 2069 Octiesque
1076 1972 1225 2044 fluvium
1247 1969 1420 2062 remensi,
1448 1992 1557 2041 naves

482 2116 634 2179 numero
652 2095 702 2165 72
720 2089 955 2165 abduxerrmt.

968 2260 1070 2325 Lvru'.

531 2410 627 2479 Dum
651 2405 726 2477 haec
743 2419 968 2502 gererentur,
989 2426 1114 2500 regum
1138 2404 1310 2475 exercitus
1330 2404 1367 2476 iu
1390 2406 1468 2503 ipsa
1485 2402 1555 2475 diei

481 2524 628 2596 orientis
640 2546 770 2595 aurora
783 2521 893 2593 fluvio
911 2520 1033 2610 affuit,
1050 2545 1230 2619 navesque
1242 2537 1382 2621 paratas
1394 2547 1481 2593 cum
1499 2548 1554 2594 re·

480 2642 548 2749 mis
560 2639 716 2729 invenit,
733 2662 821 2736 quas
839 2639 973 2709 tirones
984 2662 1067 2709 cum
1078 2639 1185 2709 armis
1202 2639 1365 2736 ingressi,
1386 2639 1556 2736 navigant

479 2778 520 2827 ac
533 2770 765 2853 exaquantur.
779 2759 869 2826 Tum
880 2754 1156 2851 circumquaque
1165 2755 1343 2853 palantes,
1359 2755 1462 2826 nullo
1472 2782 1554 2855 pro

477 2870 636 2962 hibente,
658 2871 839 2944 adiversis
851 2871 1014 2970 portibus
1027 2870 1111 2944 alias
1124 2872 1279 2970 rapiuitt,
1296 2888 1332 2945 et
1340 2872 1552 2945 exercitibus

478 2988 674 3061 deducunt.
704 2992 794 3060 Nam
816 2989 878 3086 qui
898 2989 973 3059 ru'ri
997 2987 1191 3087 degebant,
1217 2990 1428 3062 inuentium
1452 3006 1551 3062 metu

478 3130 605 3178 omnes
616 3096 855 3202 auffugerant,
872 3104 945 3176 dux
955 3130 1042 3176 vero
1051 3106 1245 3179 Aurelianis
1258 3133 1334 3180 sese
1347 3123 1547 3207 receperat;

477 3220 574 3293 unde
597 3213 715 3318 etqui
730 3220 907 3295 resisteret
925 3219 1057 3293 aberat.
1077 3221 1231 3295 Navibus
1245 3220 1364 3321 itaque
1376 3225 1546 3311 conexis,

476 3362 518 3409 ac
541 3336 654 3409 multo
679 3336 810 3409 robore
827 3338 1041 3436 compactis,
1070 3337 1228 3412 liburnas
1255 3339 1421 3411 solidant.
1453 3344 1549 3428 Quas

476 3455 653 3551 ingressus
665 3455 854 3545 exercitus,
871 3455 1020 3527 fluvium
1037 3457 1174 3567 traupit.
1189 3457 1281 3527 Dein
1293 3474 1386 3529 terra
1399 3458 1543 3556 recepti,

475 3572 647 3644 incendiis
664 3571 863 3669 praedisque
872 3560 1146 3669 ¹uehementibus
1166 3587 1277 3645 totam
1294 3574 1478 3671 regionem
1490 3598 1548 3645 us·

473 3712 545 3785 que
562 3688 712 3785 Ligerim
730 3687 937 3787 depopulati
950 3705 1044 3761 sunt.
1061 3694 1145 3761 Post
1160 3689 1237 3762 haec
1250 3690 1410 3763 feruntur
1427 3691 1467 3761 iu
1479 3706 1547 3763 ter·

473 3828 551 3875 ram
571 3820 776 3903 pyratarum
799 3830 841 3877 ac
862 3804 941 3877 solo
960 3822 1069 3879 tenus
1087 3807 1283 3880 devastant.
1307 3811 1436 3907 Sicque
1456 3809 1547 3907 regis

473 3918 640 4015 iujuriam
656 3920 820 4015 atrociter
843 3918 923 4011 ulti,
946 3922 1014 3993 iter
1033 3920 1079 3992 nd
1101 3912 1165 3993 sua
1182 3938 1402 4022 retorquent.
1428 3922 1547 3995 Ludo-

472 4036 571 4107 vieus
584 4058 669 4107 vero
688 4060 749 4107 rex
763 4038 893 4108 Remos
910 4038 1027 4111 redit.¹
