3417 5392
460 499 499 560 94
841 493 1009 554 RlGHERI
1031 494 1107 555 LlB.
1132 495 1157 552 l.

459 635 565 715 atque
590 620 625 688 in
654 643 717 689 sua
740 617 958 688 concedunt.
998 623 1070 694 Rer⁴
1104 641 1188 688 vero
1211 617 1292 688 licet
1321 642 1464 689 merens
1493 620 1534 690 ad

459 736 526 807 alia
550 759 588 806 se
614 734 787 824 contulit,
814 737 1007 805 exercitum
1030 736 1149 832 itaque
1168 736 1205 805 in
1230 735 1455 831 Aquitaniam
1479 735 1535 806 ad-

460 852 582 924 versus
612 853 688 947 ejus
716 852 915 949 principem
944 850 1151 922 Wilelmum
1183 866 1313 950 parat,
1359 877 1403 923 eo
1437 853 1534 950 quod

459 972 565 1044 subdi
583 970 649 1042 sibi
669 984 953 1066 contempneret.
976 973 1021 1038 Et
1035 983 1197 1065 tempore
1220 983 1428 1066 opportuno
1453 993 1533 1040 cum

460 1088 614 1161 exercitu
638 1112 746 1185 super
775 1085 927 1181 Ligerim
957 1083 1066 1156 affuit.
1101 1089 1144 1155 At
1167 1083 1354 1157 Wilelmus
1383 1083 1533 1158 militum

458 1205 601 1302 copiam
623 1227 698 1273 non
722 1201 880 1298 patiens,
904 1200 1071 1272 obruenti
1090 1225 1155 1298 per
1178 1201 1312 1298 legatos
1337 1203 1530 1274 occurrit'.

457 1320 599 1418 lllisque
621 1318 730 1390 lluvio
757 1319 1002 1406 interfluente,
1025 1318 1062 1388 in
1088 1316 1285 1414 legatorum
1314 1319 1534 1390 suasionibus

459 1437 534 1508 dies
562 1452 636 1508 tota
670 1451 883 1532 consumpta
914 1451 977 1505 est.
1013 1433 1172 1506 Tandem
1202 1434 1259 1506 die
1287 1436 1397 1508 altera
1427 1434 1531 1508 lidem

457 1556 636 1651 utrimque
658 1553 772 1651 pacti,
799 1576 882 1624 ase
903 1550 1153 1622 discesserunt.

455 1717 554 1805 xblit.
568 1783 604 1792 -
615 1751 797 1822 congressus*
811 1749 945 1803 uodutfi*
960 1751 1027 1820 regis
1046 1769 1107 1802 cum
1122 1750 1250 1821 piratist,
1271 1769 1414 1822 eorumque
1431 1751 1530 1805 fusio'.

506 1901 579 1970 Rex
600 1897 684 1969 inde
708 1922 911 1994 regressus,
945 1896 1042 1968 febre
1065 1880 1167 1968 acirta
1198 1896 1294 1994 apud
1324 1897 1451 1970 urbem
1477 1901 1532 1970 Se·

457 2021 626 2093 nonicam
641 2020 841 2119 corripitur.
865 2020 936 2106 Qui
956 2043 1040 2090 curn
1057 2018 1115 2090 die
1138 2019 1266 2090 cretica
1284 2020 1528 2112 convaluisset,

457 2138 493 2207 vi
512 2137 668 2209 recidiva
686 2163 807 2208 rursus
825 2137 1051 2235 opprimitur.
1072 2140 1120 2206 Ac
1135 2136 1181 2208 de
1199 2136 1311 2208 salute
1327 2136 1527 2235 desperans,

459 2258 587 2326 Remos
610 2254 657 2325 ad
672 2258 843 2325 Sanctum
867 2254 1065 2350 Remigium
1091 2278 1167 2324 sese
1194 2252 1323 2324 deferri
1345 2253 1437 2326 secit.
1469 2259 1529 2327 Cui

456 2369 554 2442 dona
577 2370 731 2469 pluiima
756 2370 920 2466 largitus,
951 2368 1070 2468 elapso
1102 2395 1224 2442 mense
1245 2369 1377 2443 utiliter
1403 2397 1530 2446 conva-

456 2486 542 2578 luit,
571 2487 769 2585 urbemque
793 2489 1041 2558 Suessonicam
1065 2485 1131 2558 alia
1160 2502 1346 2558 curaturus
1374 2489 1525 2586 expetiit.

456 2611 526 2682 Ubi
549 2639 632 2683 cum
659 2611 757 2710 apud
783 2611 961 2710 principes
991 2635 1067 2681 rem
1098 2610 1278 2708 publicam
1310 2612 1524 2704 consuleret,

454 2728 559 2826 legati
584 2727 771 2816 adsistunt,
805 2729 868 2826 qui
893 2727 1059 2826 pyratas²
1089 2725 1161 2799 fide
1187 2729 1318 2800 violata
1345 2729 1527 2802 interiores

456 2845 689 2943 Burgundiae⁸
715 2861 832 2944 partes
857 2845 1025 2943 irrupisse
1047 2860 1226 2936 asserunt;
1251 2871 1527 2946 congressosque

453 2988 537 3034 cum
556 2966 716 3033 Manasse
743 2987 785 3033 ac
810 2966 971 3033 Varnero
997 2961 1204 3053 comitibus,
1226 2961 1398 3034 lozselmo
1424 2979 1525 3062 atque

454 3080 622 3176 Ansegiso
634 3079 821 3177 episcopis,
838 3077 931 3149 adeo
944 3078 1123 3169 defecisse,
1144 3093 1184 3149 ut
1201 3104 1328 3150 eorum
1343 3082 1414 3153 960
1433 3081 1523 3180 apud

453 3213 614 3269 montem
627 3196 774 3268 Caluum
788 3211 1041 3287 sternerentur,
1064 3195 1226 3267 nonnulli
1251 3197 1345 3296 capti
1364 3211 1523 3270 teneren-

452 3329 531 3404 tur3
548 3313 683 3410 reliqua
701 3337 787 3384 vero
808 3313 991 3384 minorum
1012 3337 1152 3404 manus,
1168 3313 1267 3412 lapsa
1278 3313 1444 3412 profugio
1462 3315 1520 3406 sit;

453 3437 647 3503 Warnerus
664 3456 752 3503 vero
772 3457 865 3529 equo
879 3431 1011 3522 occiso,
1032 3456 1106 3528 quo
1124 3447 1245 3503 vectus
1258 3430 1449 3521 ferebatur,
1466 3431 1522 3503 de·

451 3575 530 3620 cem
554 3549 761 3620 vulneribus
786 3551 967 3648 perfossus
994 3551 1174 3621 interierit.
1209 3551 1271 3620 His
1297 3576 1357 3621 rex
1387 3565 1518 3642 motuS,

452 3665 548 3761 diem
559 3667 706 3738 alteram
714 3667 752 3737 in
765 3665 925 3765 partibus
935 3661 1197 3739 deliberationis
1211 3682 1323 3738 totam
1335 3692 1520 3766 consump

450 3785 506 3855 sit.
523 3788 568 3854 Et
585 3783 643 3855 die
661 3785 776 3874 tertia,
793 3784 910 3856 edicto
930 3785 1026 3881 regio
1045 3785 1178 3856 tirones
1192 3809 1234 3854 ex
1246 3785 1400 3855 citeriori
1414 3783 1518 3854 Galba

450 3903 543 3972 iutra
556 3900 632 3972 dies
650 3901 855 3999 quindecim
870 3902 1011 3999 collegit
1019 3931 1033 3993 ;.
1042 3902 1279 3998 collectosque
1293 3926 1377 3973 cum
1389 3901 1518 3998 aliquot

485 4073 501 4107 ¹⁵
519 4071 573 4137 Co',
587 4073 625 4137 R,
638 4091 662 4136 r,
675 4073 696 4124 f.
709 4093 738 4123 ex
750 4077 852 4142 conject.

487 4145 494 4173 ¹
516 4162 542 4195 ο.
556 4142 646 4195 dolose
658 4157 744 4195 tamen
757 4148 782 4196 l.

483 4217 495 4246 ²
513 4228 684 4267 nortmannos
697 4219 722 4266 l.

484 4287 495 4316 ³
512 4286 647 4355 galliarum
664 4289 689 4336 l.
