3417 5392
393 467 456 529 ars
762 462 929 525 arcuum
952 464 1028 526 nin.
1053 438 1100 544 u',

394 585 566 661 Rodullus
576 584 822 669 laudunensis
837 586 1039 687 episcopus,
1056 549 1177 692 lWido
1196 585 1304 657 etiam
1324 588 1472 673 Suessoe

394 704 519 797 nicus,
545 726 688 797 necnon
721 717 757 776 et
784 700 1007 800 llildegarius
1028 699 1275 790 Belvacensis,
1289 702 1473 798 ceterique

395 820 577 893 Remensis
601 817 785 893 dioceseos
808 820 987 920 episcopi,
1015 817 1061 891 ad
1089 818 1212 890 sedern
1235 816 1473 918 apostolicam

396 962 464 1037 pro
483 937 705 1010 restitutione
726 937 886 1035 Hugonis
905 951 941 1009 et
967 933 1193 1009 abdicatione
1209 933 1365 1025 Artoldi,
1396 935 1475 1034 epi·

397 1052 526 1145 stolam
549 1055 730 1147 miserint3
748 1053 844 1126 unde
862 1068 900 1125 et
920 1053 1097 1127 domnum
1121 1077 1254 1153 papam
1272 1050 1320 1126 ad
1343 1077 1474 1127 eorum

397 1188 501 1264 vota,
533 1197 730 1271 eorumque
758 1171 987 1271 petitionem,
1016 1165 1139 1243 omnia
1161 1168 1238 1241 lieri
1257 1167 1360 1242 velle.
1387 1173 1476 1243 Post

398 1288 499 1387 cujus
523 1289 784 1378 recitationem,
812 1286 972 1385 praedicti
1002 1311 1089 1360 mos
1117 1299 1372 1383 consurgentes
1398 1286 1477 1384 epi·

398 1406 518 1505 scopi,
541 1400 698 1507 epistolas
719 1398 933 1480 sententiam
955 1406 1097 1504 penitus
1119 1404 1475 1476 confirtaruntacoe·

366 1596 367 1599 ,
399 1522 618 1600 lumniarum
629 1522 837 1619 injectorem
853 1520 1040 1593 hominem
1057 1515 1337 1619 perditissimum
1358 1519 1477 1592 adcla-

400 1653 556 1717 marunt.
571 1636 709 1728 Quibus
720 1664 805 1711 cum
815 1639 993 1711 contraire
1004 1663 1080 1709 non
1098 1652 1238 1736 posset,
1259 1634 1477 1734 quibusdam

401 1754 599 1827 maledictis
626 1780 689 1829 eos
721 1754 895 1844 adortus,
925 1755 1068 1855 publice
1101 1754 1148 1828 de
1168 1753 1336 1856 perfidia
1357 1753 1478 1825 crimi-

402 1870 555 1945 nabatur.
569 1872 596 1943 ⁴.

487 2070 490 2077 “
528 2056 656 2111 Lxm.
667 2087 705 2101 -·
715 2058 919 2112 calumniatoris
929 2058 946 2093 ⁸
957 2058 1145 2131 episcoporum
1161 2057 1314 2130 reprobatio
1324 2056 1350 2109 ¹⁵.

452 2208 552 2278 Tune
582 2231 606 2278 a
634 2206 772 2280 domno
805 2205 944 2289 Marino
976 2202 1181 2290 decernitur
1211 2217 1253 2275 ut
1285 2203 1480 2277 recitentur

405 2320 559 2422 capitula
594 2321 641 2395 de
679 2320 995 2395 calumniatoribus
1023 2320 1175 2420 prolata.
1216 2319 1355 2409 Quibus
1392 2344 1480 2391 mox

405 2436 525 2530 lectis,
563 2463 646 2512 cum
678 2438 914 2513 calumniator
934 2438 1040 2511 reniti
1068 2463 1144 2510 non
1168 2454 1313 2537 posset,
1343 2438 1482 2537 episco-

405 2580 537 2653 porum
553 2555 683 2653 juditio
705 2556 915 2627 diaconatus
935 2578 1009 2654 quo
1034 2553 1247 2651 fungebatur
1266 2553 1387 2627 officio
1409 2552 1481 2653 pn'-

406 2691 522 2770 vatur,
541 2692 577 2750 et
589 2702 610 2749 a
623 2692 818 2777 conspectu
838 2676 957 2749 sinodi
974 2674 1232 2748 contumeliose
1254 2674 1477 2775 reprobatus,

407 2800 501 2872 exire
512 2799 750 2898 compellitur.
765 2796 914 2873 Artoldo
925 2821 1012 2871 vero
1021 2796 1250 2897 pontificatus
1257 2798 1477 2896 dignitatem,

408 2919 608 2995 secundum
627 2944 809 2994 canonum
832 2921 992 2993 instituta
1014 2934 1229 3020 patrumque
1250 2920 1415 3016 decreta,
1436 2922 1481 2993 si·

410 3042 530 3116 nodus
541 3042 746 3117 habendam
767 3043 929 3118 decernit
945 3058 1052 3146 atque
1070 3043 1306 3137 corroborat„¹
1326 3070 1371 3118 eo
1382 3036 1482 3143 quod

408 3158 540 3233 nullius
564 3160 706 3235 concilii
729 3159 926 3235 rationibus
956 3160 1126 3235 interesse
1150 3160 1329 3259 refugerit.
1366 3166 1480 3261 dtqm

408 3278 611 3379 haecprima
622 3278 861 3391 consessionis
871 3276 931 3353 die
941 3282 1134 3355 constituta
1142 3294 1239 3353 nmt.

893 3462 1030 3517 ιω..
1148 3542 1152 3551 1

458 3602 623 3679 Secunda
642 3628 729 3677 vero
746 3602 838 3695 die„
854 3618 937 3704 post
963 3606 1125 3679 recitatas
1141 3598 1248 3681 'sacrm
1265 3608 1482 3682 auctoritatis

411 3720 581 3794 lectiones
603 3736 641 3795 et
663 3720 789 3795 domni
807 3720 967 3795 liotbcrti
990 3723 1265 3819 allocutionem,
1295 3750 1317 3798 a
1339 3750 1482 3799 venera·

410 3834 474 3909 bili
490 3837 629 3909 Marino
647 3838 876 3943 constituitur
888 3854 928 3911 ut
950 3842 1123 3938 quoniam
1142 3843 1244 3939 juxta
1270 3866 1378 3916 sacrae
1398 3842 1482 3942 legis

413 3955 624 4027 sententiam
643 3954 855 4055 pontificalis
873 3943 1026 4055 dignitas
1045 3957 1194 4034 Artoldo
1219 3962 1380 4034 restituta
1404 3974 1478 4050 est,

447 4152 463 4187 '
477 4152 541 4221 cu,
553 4165 606 4220 tor,
619 4172 698 4227 repro
708 4128 814 4210 abscisa.

449 4238 458 4269 ¹
478 4242 607 4311 ductuque
618 4252 779 4292 atramentum
787 4239 903 4308 suaerat,
918 4240 1011 4313 reliqua
1022 4240 1114 4295 codicis
1126 4242 1230 4313 nigriori
1242 4242 1335 4315 scripte
1346 4252 1414 4295 stat.
1426 4241 1455 4293 P.
