3417 5392
829 568 992 632 lilCllElil
1015 570 1088 630 [ΑΒ.
1115 571 1156 632 ΙΙ.

661 777 736 831 xlv.
749 807 785 818 -
796 777 918 830 fflninus
929 778 1058 850 oppidum
1069 792 1242 852 expugnatae
1255 781 1333 852 capit.

517 943 684 1040 Princeps
702 941 758 1012 his
779 923 1018 1039 quaerimoniis
1035 957 1170 1033 motus,
1195 940 1364 1014 auxilium
1385 942 1526 1033 annmt,

468 1082 510 1130 ac
532 1057 685 1130 militum
711 1056 853 1155 copiam
879 1057 912 1128 ei
936 1057 1135 1129 committit.
1164 1056 1329 1130 Erluinus
1350 1057 1468 1154 itaque
1485 1057 1529 1129 ad

468 1175 643 1276 oppidum
666 1188 858 1274 properat,
895 1197 937 1246 ac
957 1174 1197 1272 tempestivius
1225 1193 1309 1245 cum¹
1336 1175 1448 1272 c'opiis
1475 1198 1532 1272 ap-

468 1293 573 1392 petit,
597 1292 801 1387 circumque
818 1289 925 1361 vallat
937 1304 1030 1361 terra
1042 1290 1214 1388 marique.
1231 1289 1339 1360 lnsfat
1352 1291 1471 1387 itaque
1483 1304 1533 1360 at·

468 1434 539 1508 que
557 1409 682 1480 acriter
693 1406 851 1503 adurget.
873 1405 1031 1478 Tandem
1043 1431 1128 1477 vero
1146 1404 1258 1477 multa
1274 1407 1533 1505 expugnatione

469 1526 643 1614 attritum,
660 1516 874 1620 ingreditur,
898 1537 1083 1621 totumque
1096 1522 1268 1621 pervadit.
1290 1521 1424 1594 Amulli
1449 1521 1534 1593 mili·

471 1657 524 1713 tes
540 1666 665 1712 omnes
684 1638 975 1738 comprehendit3
996 1665 1151 1738 quorum
1166 1639 1253 1711 alios
1266 1639 1383 1737 gladio
1396 1653 1532 1726 enecat,

471 1758 558 1830 alios
570 1758 672 1828 uxori
684 1757 845 1853 natisque
864 1755 1062 1854 repetendis
1075 1771 1272 1827 conservat.

624 1980 685 2032 XV.
697 2008 733 2019 -
744 1979 922 2049 congressus*
935 1978 1036 2032 Erluini
1050 1977 1133 2030 cum*
1144 1978 1269 2030 militibus
1283 1978 1393 2030 Anrulfi.

523 2123 686 2195 Arnulfus
703 2138 800 2196 tanta
811 2149 958 2195 suorum
978 2124 1174 2196 calamitate
1193 2124 1387 2214 confectus,
1412 2123 1538 2196 milites

473 2239 620 2337 colligit,
647 2263 780 2336 eosque
805 2240 841 2309 in
866 2237 1053 2310 Erluinum
1077 2239 1199 2329 mittit,
1225 2241 1286 2338 qui
1311 2240 1385 2336 ejus
1407 2255 1538 2312 terram

474 2355 644 2454 usquead
657 2353 832 2453 oppidum
845 2354 1119 2453 depopulentur.
1136 2358 1355 2455 Directique,
1369 2355 1539 2429 incendiis

474 2475 749 2570 circumquaque
776 2495 818 2543 ac
844 2472 977 2570 rapinis
1002 2471 1199 2562 admodum
1223 2473 1427 2564 deseviunt,
1452 2473 1541 2544 mul·

475 2604 581 2688 taque
592 2613 712 2661 rerum
722 2586 842 2685 praeda
853 2587 1023 2678 abducta,
1045 2588 1271 2680 festinabant,
1287 2589 1486 2688 cumlegati
1498 2589 1540 2660 ab

476 2705 622 2778 Erluino
635 2703 828 2794 affuerunt,
844 2706 907 2801 qui
917 2704 1131 2796 indicarent,
1144 2706 1244 2804 quod
1256 2707 1323 2778 nisi
1336 2721 1448 2778 totam
1460 2731 1543 2806 prae·

477 2821 561 2893 dam
579 2821 656 2892 sine
669 2844 772 2892 mora
784 2819 992 2910 redderent,
1016 2822 1091 2894 sine
1111 2847 1213 2895 mora
1232 2824 1283 2894 eis
1302 2848 1378 2894 esse
1400 2847 1544 2920 congre·

478 2937 661 3009 diendum.
691 2939 817 3033 Hostes
834 2936 1046 3034 legationem
1071 2954 1293 3036 spernentes,
1316 2954 1419 3036 capta
1437 2938 1544 3010 abdu-

478 3078 559 3125 cere
576 3051 830 3126 accelerabant.
854 3054 973 3150 Legati
988 3056 1157 3151 regressi,
1190 3079 1265 3127 sese
1283 3055 1440 3152 abjectos
1463 3054 1544 3126 refe

480 3184 574 3241 runt.
591 3169 755 3240 Erluinus
765 3193 849 3240 cum
862 3170 1126 3268 quadringentis
1139 3187 1357 3244 armatorum
1370 3196 1456 3242 mox
1468 3195 1545 3270 pro·

479 3287 598 3375 cessit,
619 3310 661 3357 ac
680 3285 925 3358 festinantibus
952 3289 1167 3386 supervenit.
1187 3288 1240 3359 llli
1257 3313 1344 3360 vero
1360 3287 1481 3386 preda
1498 3313 1546 3360 re·

479 3407 562 3478 licta
578 3407 758 3497 conversi,
775 3407 991 3480 irruentibus
1010 3408 1256 3481 obvertuntur.
1277 3410 1462 3508 signisque
1477 3408 1547 3481 ool·

481 3523 578 3614 latis,
596 3523 723 3595 acriter
740 3523 949 3596 dimicatum
967 3541 1030 3598 est.
1055 3526 1243 3599 Praedones
1256 3526 1328 3598 fere
1344 3551 1470 3598 omnes
1483 3525 1548 3624 gla-

483 3625 543 3711 dio
572 3639 789 3731 occubuere,
818 3657 945 3740 plaster
971 3642 1038 3715 hos
1057 3667 1149 3740 quos
1170 3642 1252 3740 fuga
1272 3641 1356 3715 belli
1376 3640 1549 3713 violentie

484 3756 624 3828 exemit.
654 3759 698 3829 Et
715 3771 836 3828 tamen
853 3757 898 3848 ii,
919 3781 1002 3830 cum
1022 3758 1104 3856 fuga
1121 3783 1183 3830 eos
1200 3759 1406 3856 exagitaret,
1429 3757 1476 3829 ab
1494 3761 1549 3828 Er

483 3871 583 3945 luino
601 3887 685 3971 post
702 3874 896 3947 insectante
917 3877 1082 3948 atrociter
1098 3876 1166 3946 fusi
1177 3891 1270 3948 sunt.
1294 3874 1458 3947 Erluiuus
1468 3901 1550 3975 pra·
1671 3895 1672 3952 l

484 3989 540 4063 dis
561 3989 711 4088 receptis
730 4016 814 4062 cum
835 3992 1036 4091 ingentibus
1052 3992 1209 4065 hostium
1230 3992 1407 4066 manubiis
1427 3992 1550 4065 adsue

486 4105 632 4178 feliciter
649 4109 828 4179 remeavit.

523 4309 537 4339 ⁸
556 4327 611 4372 sus,
624 4326 669 4360 um
680 4307 784 4359 abscisa.
