3417 5392
472 551 533 614 tlt
842 545 1008 607 Ricttssltl
1031 545 1105 606 Llll.
1131 543 1173 602 ll.

471 673 540 746 bus
555 669 777 761 cohortibus,
792 669 921 766 usque'
941 665 1115 766 oppidum
1127 685 1220 764 pene
1232 661 1386 734 devenit.
1396 661 1459 734 Sol
1469 663 1540 758 jam

472 789 663 863 occiderat.
680 783 845 859 Proditor
863 810 928 884 per
944 797 1086 883 portam
1099 777 1276 878 quosdam
1286 778 1463 868 emiserat,
1473 780 1541 850 acsi

472 908 591 1005 aliqua
601 904 700 976 utilia
711 916 907 976 curaturos.
931 899 1034 971 Unde
1051 913 1087 970 et
1104 898 1229 997 ipsein
1247 919 1352 968 muro
1370 910 1484 987 stans,
1500 894 1544 967 la-

473 1048 554 1096 cem
571 1019 854 1093 ardentissimam
871 1013 1132 1116 praetendebat,
1159 1013 1269 1085 veluti
1287 1012 1426 1083 famulis
1445 1012 1544 1083 ernis·

473 1141 521 1214 sis
539 1140 661 1210 lumen
684 1134 961 1223 ministraturus,
984 1156 1057 1229 quo
1078 1131 1183 1202 etiarn
1200 1128 1345 1199 luminis
1362 1127 1463 1224 signo
1482 1151 1544 1224 per

473 1256 608 1354 legatos
625 1251 762 1325 aditum
779 1248 1046 1346 significaverat.
1068 1251 1146 1316 Huc
1168 1244 1332 1316 Amulius
1350 1269 1433 1315 cum
1452 1244 1544 1340 equi·

475 1375 551 1468 latu
564 1372 717 1454 irruens,
738 1391 804 1465 per
820 1380 963 1464 portam
979 1378 1159 1463 patentem
1180 1361 1355 1460 oppidum
1373 1362 1545 1457 ingressus

475 1504 540 1562 est.
564 1491 687 1584 quue
699 1483 852 1582 potitus,
872 1481 1006 1552 Erluini
1017 1504 1165 1550 uxorem
1181 1502 1264 1548 cum
1278 1475 1358 1548 filiis
1374 1477 1485 1576 capit,
1506 1501 1544 1548 ac

476 1603 554 1698 ejus
565 1601 750 1672 thesauros
772 1596 905 1696 diripit.
927 1595 1092 1666 Erluiuus
1103 1619 1189 1666 vero
1206 1593 1331 1664 habitu
1344 1594 1542 1681 immutato,

476 1717 630 1790 emedio
641 1715 800 1787 hostium
813 1714 952 1813 elapsus
964 1727 1028 1784 est.
1051 1709 1215 1784 Arnulfus
1226 1735 1371 1807 quoque
1382 1708 1545 1780 omnibus

476 1833 648 1930 pervasis,
681 1829 817 1930 oppido
841 1855 925 1901 suos
950 1829 1112 1928 deputat,
1140 1826 1276 1897 Erluiui
1295 1851 1444 1897 uxorem
1467 1851 1545 1898 cum

478 1949 570 2022 natis
583 1948 787 2021 AEdelstano
812 1947 886 2044 regi
908 1944 1102 2044 Anglorum
1120 1943 1313 2016 servandos
1337 1959 1436 2015 trans
1453 1967 1546 2014 mare

479 2065 656 2167 deportat.
678 2066 805 2162 Sioque
818 2063 866 2134 ad
884 2087 948 2134 sua
965 2060 1101 2160 oppido
1119 2062 1191 2132 suis
1203 2060 1343 2133 munito
1358 2059 1473 2132 rediit.

507 2285 586 2338 nn.
599 2313 636 2325 -
646 2283 830 2353 Conquestio*
853 2283 955 2334 Erluiui
965 2283 980 2314 *
1003 2280 1074 2353 apud
1091 2279 1272 2336 Wilelmum*
1291 2280 1386 2333 ducem
1404 2279 1438 2332 de
1458 2280 1532 2332 casui

741 2373 901 2442 uxorisque*
914 2385 940 2424 et
955 2371 1100 2424 natorum*
1117 2371 1287 2424 amissione*.

527 2512 693 2585 Erluiuus
716 2538 803 2584 vero
830 2513 889 2582 vix
914 2513 1039 2583 mortis
1058 2513 1217 2611 periculo
1240 2511 1346 2602 liber,
1371 2509 1418 2582 ad
1429 2509 1547 2582 Wilel·

479 2655 581 2702 mum
597 2630 796 2729 principem
816 2634 1120 2700 Nortmannorum
1147 2654 1222 2702 sese
1251 2627 1416 2719 contulit,
1444 2628 1548 2727 pluri·

481 2769 578 2816 mam
591 2745 636 2817 de
654 2745 727 2816 suis
744 2743 884 2816 casibus
902 2745 1169 2843 quaerimoniam
1183 2746 1279 2845 apud
1293 2771 1377 2817 eum
1393 2745 1544 2842 agitans,

481 2885 558 2934 sese
584 2861 750 2960 inquiens
771 2858 1020 2952 infeliciorem,
1049 2887 1143 2950 cum,
1160 2861 1295 2961 oppido
1325 2877 1361 2933 et
1382 2861 1548 2934 militibus

375 3011 384 3028 ·
481 2979 655 3077 privatus,
672 3002 713 3048 ac
724 3000 835 3048 uxore
847 2975 997 3074 filiisque
1011 2976 1174 3066 orbatus,
1189 2976 1278 3049 nihil
1285 2992 1549 3078 praetercorpus

482 3094 673 3194 possideat.
694 3097 748 3166 De
762 3092 887 3192 oppidi
899 3094 1086 3166 amissione
1101 3119 1177 3166 non
1190 3119 1228 3167 se
1240 3093 1331 3168 adeo
1343 3093 1448 3185 affici,
1470 3119 1549 3166 cum

482 3211 523 3283 id
538 3212 615 3284 sine
627 3236 691 3310 spe
707 3210 827 3308 aliqua
845 3211 1080 3310 recuperandi
1099 3235 1175 3284 non
1197 3213 1254 3303 sit,
1276 3237 1321 3284 eo
1341 3210 1443 3310 quod
1462 3227 1551 3284 terra

483 3317 688 3417 immobilil,
711 3350 753 3399 ac
769 3325 946 3426 oppidum
968 3327 1227 3401 intransitivum
1244 3331 1299 3401 sit.
1322 3330 1451 3401 Uxoris
1467 3353 1550 3401 vem

484 3469 526 3516 ac
543 3443 700 3516 filiorum
717 3444 882 3543 privatio,
899 3443 1134 3518 calamitatem
1154 3443 1454 3518 interminabilem
1470 3470 1551 3544 prae·

485 3560 815 3652 tenderevidentur,
831 3585 934 3652 cum,
948 3561 1015 3633 illis
1021 3557 1266 3662 'consumptis‚
1280 3563 1355 3663 ipse
1369 3562 1551 3635 doloribus

486 3676 634 3748 assiduis
650 3691 833 3774 urgeatur,
854 3693 891 3749 et
903 3701 978 3750 non
989 3681 1222 3779 consumptis,
1238 3696 1274 3752 at
1287 3679 1354 3753 sub
1366 3681 1482 3753 aliena
1495 3680 1552 3752 do·

488 3793 683 3865 minatione
697 3793 866 3885 detentis,
880 3795 956 3894 ipse
968 3819 1062 3867 vana
1075 3795 1264 3868 seducatur
1278 3799 1547 3897 exspectatione.

487 3914 606 3998 Quare
625 3933 769 4007 quoque
785 3910 832 3982 ad
852 3909 1008 4009 petenda
1025 3911 1150 3986 solatia
1173 3939 1211 3987 se
1228 3915 1366 3986 venisse
1383 3937 1552 3988 memora·

486 4025 565 4116 bat,
581 4050 623 4098 ac
636 4024 881 4123 gemebundus
895 4025 970 4100 haec
983 4027 1223 4102 indesinenter
1240 4031 1407 4130 petebat'j

523 4215 539 4246 '
556 4225 594 4279 st,
606 4214 658 4280 iai,
670 4213 704 4278 il,
717 4233 767 4278 ux,
780 4231 828 4278 na,
841 4213 875 4265 tsi
889 4215 991 4267 abscisa.

528 4298 535 4328 ¹
555 4295 590 4349 ad
607 4301 632 4349 l.
