3417 5392
436 644 501 709 eu
819 614 989 695 nicasia
1008 631 1081 692 am.
1105 630 1146 689 11.

439 797 462 833 a
484 736 665 837 secutione
677 758 857 831 vexaveris
869 750 1220 827 illumvenerabilem
1232 754 1426 821 Remorum
1438 774 1519 822 me-

444 913 463 951 «
487 877 680 978 tropolim,
708 890 842 974 quanta
871 887 1017 972 quoque
1044 867 1252 941 crudelitate
1265 866 1519 939 ›debacchatus

436 1028 463 1068 a
489 998 537 1069 sis
555 998 592 1067 in
604 994 909 1067 dominumtuum
922 1013 1062 1085 regem,
1077 1010 1140 1056 ora
1154 984 1317 1094 omnium
1328 984 1514 1073 locuntur;

445 1145 463 1184 a
485 1112 582 1214 apud
607 1134 732 1183 omnes
768 1110 930 1205 agitatur.
962 1104 1071 1194 Quod
1101 1127 1210 1200 quam
1238 1099 1448 1174 sceleratum
1480 1118 1518 1175 et

446 1262 463 1299 a
484 1253 594 1328 quam
615 1225 850 1325 pernitiosum
872 1225 935 1313 sit,
961 1222 1089 1294 diviuae
1112 1235 1217 1318 atque
1232 1218 1398 1292 humanae
1421 1217 1517 1315 leges

338 1340 343 1353 ’
446 1378 463 1417 a
485 1343 727 1445 copiosissime
738 1340 909 1439 produnt.
924 1338 1041 1428 Unde,
1058 1352 1094 1409 et
1103 1336 1168 1409 tibi
1187 1338 1455 1435 compatientes,
1470 1334 1517 1409 ab

445 1494 463 1533 a
491 1454 621 1535 talibus
650 1474 686 1531 te
714 1458 898 1556 quiescere
928 1476 1137 1545 monemus;
1179 1467 1215 1525 et
1243 1452 1291 1525 ad
1327 1452 1516 1525 dominum

445 1594 602 1667 «tuum,
633 1572 745 1648 multa
773 1571 1056 1644 mansuetudinis
1082 1563 1280 1641 humilitate
1308 1571 1516 1667 quantotius

447 1727 464 1764 a
486 1695 614 1767 reverti
624 1690 822 1763 hortamur.
838 1687 948 1777 Quod
964 1688 995 1758 si
1010 1687 1283 1787 contempseris,
1308 1687 1517 1795 priusquam

447 1843 465 1882 a
490 1813 527 1884 in
541 1804 681 1881 diuersa
691 1806 898 1895 referamur,
922 1805 1147 1881 anathemate
1160 1804 1237 1875 sine
1257 1802 1369 1875 dubio
1382 1819 1417 1876 te
1435 1832 1518 1903 per·

448 1959 465 1998 a
489 1926 721 2024 stringemus,
744 1923 862 1995 donec
873 1937 935 1993 aut
951 1921 1164 2011 satisfacias,
1187 1935 1250 1992 aut
1261 1924 1411 1994 Romam
1422 1923 1519 2021 apud

447 2076 465 2117 a
490 2046 666 2117 domuum
684 2065 816 2140 papam
833 2040 1105 2129 ratiocinaturus
1125 2052 1249 2138 petas,
1274 2039 1375 2135 cujus
1395 2039 1520 2113 litteris

448 2192 467 2231 a
487 2162 563 2259 jam
578 2158 634 2230 bis
645 2158 803 2229 monitus
815 2180 872 2243 es,
900 2171 936 2227 et
957 2180 979 2227 a
1003 2169 1104 2227 tanto
1122 2153 1278 2228 facinore
1301 2155 1515 2254 prohibitus.

449 2302 472 2353 a
495 2274 599 2347 Unde
610 2289 724 2377 etnos
741 2285 823 2371 post
839 2271 962 2361 illum,
992 2272 1104 2345 tercio
1120 2271 1196 2368 jam
1212 2287 1246 2343 te
1263 2272 1310 2344 ad
1331 2276 1521 2346 correctio·

449 2424 467 2463 a
488 2414 804 2465 nem‘revocamus
819 2390 846 2459 ⁴.
876 2416 894 2455 a
914 2392 1018 2480 Quae,
1048 2388 1156 2460 totius
1176 2388 1296 2462 sinodi
1312 2392 1523 2465 auctoritate

448 2508 636 2599 roborem,
656 2506 739 2579 duci
755 2530 821 2604 per
835 2504 969 2603 legatos
984 2528 1070 2577 mox
1084 2504 1218 2579 directa
1234 2521 1300 2580 est.

770 2804 925 2859 LXXVIII.
937 2805 1069 2860 -Cauaa
1083 2802 1197 2857 Artoldi.
1215 2887 1219 2896 .

503 2982 588 3051 Post
605 2978 681 3049 haec
703 3002 850 3075 surgens
873 2978 1039 3053 Artoldus
1060 2977 1370 3077 archiepiscopus,
1403 3004 1524 3051 rerum

452 3095 640 3186 ordinem,
656 3095 719 3167 sed
733 3094 768 3167 et
780 3092 889 3196 ipsius
900 3096 968 3167 litis
979 3096 1120 3167 initium
1132 3120 1211 3194 quae
1225 3093 1423 3193 agitabatur
1434 3096 1527 3168 inter

456 3238 531 3285 sese
546 3227 581 3283 et
591 3216 779 3309 Hugonem
793 3210 861 3283 sibi
877 3212 1109 3310 subrogatum
1119 3212 1349 3313 episcopum,
1372 3212 1529 3285 luculen-

456 3328 587 3399 tissime
601 3326 776 3400 disseruit.
794 3328 890 3414 Quin
905 3342 942 3399 et
952 3328 1139 3427 epistolam
1149 3328 1302 3428 profert,
1322 3331 1528 3428 nuperrime

458 3444 630 3516 adomno
647 3469 740 3544 papa
761 3444 827 3516 sibi
850 3444 1038 3537 directam,
1062 3469 1255 3544 perquam
1283 3447 1526 3546 episcopatum

458 3560 525 3633 sibi
543 3559 769 3663 retinendum
787 3560 1017 3658 significabat.
1041 3566 1126 3633 Post
1142 3562 1244 3658 eujus
1269 3564 1528 3663 interpretatio-

459 3702 565 3765 nem,
590 3674 799 3773 Sigeboldus
819 3676 967 3774 quidam
988 3676 1146 3775 praedicti
1169 3678 1328 3774 Hugonis
1352 3678 1524 3771 clericus,

460 3792 566 3864 aliam
588 3816 673 3863 mox
697 3790 884 3890 epistolam
913 3792 1041 3864 sinodo
1072 3793 1251 3892 porrexit,
1277 3796 1378 3892 siguo
1403 3795 1528 3868 domni

460 3934 562 4009 papae
580 3908 772 3999 munitam,
794 3907 1115 3981 etabUrbeasese
1127 3909 1301 4002 delatam,
1327 3938 1406 4009 quae
1423 3914 1528 3985 etiam

461 4026 499 4099 in
512 4040 705 4127 conspectu
716 4026 967 4125 episcoporum
989 4027 1133 4098 recitata
1149 4041 1256 4127 atque
1267 4027 1531 4126 diligentissune

461 4144 619 4217 discussa
632 4158 696 4217 est.
721 4146 762 4215 ln
774 4142 875 4239 cujus
895 4153 1002 4217 textu
1013 4142 1050 4215 id
1066 4142 1184 4216 solum
1206 4144 1403 4239 dicebatur,
1430 4146 1528 4244 quod

497 4394 505 4427 ¹
525 4414 704 4449 ammonemus
719 4400 742 4449 i.
