3417 5392
458 487 499 548 86
828 482 995 544 lttcHEul
1018 482 1094 544 LlB.
1118 483 1144 541 Ι.

460 605 698 678 diffidendum
725 629 949 693 memorans3
976 603 1075 700 regni
1102 627 1246 700 quoque
1272 602 1529 700 pervasorem*

458 726 518 796 vix
532 748 607 796 uno
625 737 810 795 momento
830 721 1042 792 duraturum
1067 718 1269 790 asserebat:
1288 749 1306 786 ι(
1331 723 1422 790 Cum
1442 747 1460 784 u
1482 719 1536 788 iu·

458 843 585 942 quiens
607 871 630 908 «-
648 844 745 910 Deus
759 837 969 934 >hujusmodi
990 836 1254 926 abhominetur,
1276 850 1311 907 et
1334 833 1431 934 apud
1449 859 1536 906 cum

461 991 479 1029 α
501 958 619 1031 nullus
636 955 810 1055 superbiae
827 954 927 1026 locus
947 955 1004 1044 sit,
1018 953 1204 1051 quomodo
1218 953 1322 1024 stabit
1335 979 1444 1051 quem
1458 954 1536 1051 ipse

461 1103 478 1142 α
500 1099 575 1144 non
590 1073 733 1144 munit?
748 1071 934 1170 quomodo
957 1086 1133 1168 resurget,
1155 1097 1262 1168 quem
1281 1072 1356 1169 ipse
1375 1071 1537 1171 praecipi·

461 1220 478 1259 u
501 1189 571 1261 tat²
584 1190 599 1258 Ρ
614 1219 632 1256 »
647 1193 691 1259 Et
704 1204 787 1287 post
799 1187 896 1279 baec,
913 1213 997 1258 cum
1009 1185 1185 1287 episcopis
1198 1189 1351 1286 virisque
1364 1187 1536 1286 religiosis

459 1309 521 1405 qui
536 1306 702 1396 aderant,
721 1319 882 1375 montem
901 1304 981 1375 loco
1003 1305 1208 1402 oppositum
1224 1305 1449 1394 conscendit,
1472 1304 1535 1376 ubi

460 1425 568 1499 etiam
590 1438 643 1494 est
668 1421 812 1494 basilica
836 1421 947 1492 beatae
969 1421 1159 1492 Genovelae
1183 1422 1326 1518 virginis
1351 1421 1533 1512 dedicata,

459 1533 626 1612 eventurn
654 1537 739 1610 belli
761 1537 846 1610 inde
876 1553 1098 1636 expecturus.
1122 1543 1260 1612 Interea
1278 1539 1428 1634 junctim
1454 1565 1536 1639 pro·

459 1658 554 1729 cedit
571 1658 746 1729 exercitus
767 1671 805 1727 et
815 1657 1063 1752 magnanimus
1076 1657 1221 1754 gradive
1239 1657 1276 1727 in
1287 1656 1429 1728 hostem
1440 1681 1537 1728 acce

459 1773 559 1846 lerat.
585 1772 751 1845 Procedit
771 1797 917 1869 quoque
936 1773 1111 1863 tirannus,
1135 1774 1256 1844 animo
1270 1798 1344 1846 non
1357 1775 1486 1873 impar,
1500 1789 1536 1846 at

460 1890 660 1989 legionibus
673 1891 804 1988 potior.

466 2047 469 2051 ’
544 2049 643 2101 XLVI.
656 2078 692 2088 —
703 2048 806 2101 Bellum
817 2047 885 2100 inter
897 2048 1025 2100 Karolum
1039 2059 1064 2099 et
1076 2047 1246 2112 liutbertum,
1261 2050 1366 2119 ejusque
1379 2049 1450 2119 biga.

510 2177 648 2265 Quibus
662 2179 841 2274 utrimque
860 2178 944 2248 visis
960 2176 1180 2266 comminus,
1203 2199 1286 2245 cum
1299 2177 1456 2246 maximo
1471 2175 1537 2246 cla·

461 2317 563 2365 more
576 2294 718 2392 utrique
731 2295 905 2365 exercitus
923 2294 1030 2390 signis
1045 2292 1178 2365 infestis
1192 2308 1422 2365 concurrunt.
1440 2295 1535 2364 Con·

461 2411 653 2509 gressique,
674 2411 853 2482 innumeri
870 2411 956 2481 hinc
974 2409 1059 2481 inde
1077 2424 1261 2482 corruunt.
1286 2413 1330 2481 Et
1348 2409 1537 2481 Rotbertns

461 2526 608 2623 quidem
621 2552 683 2599 rex
693 2552 777 2598 cum
791 2528 828 2598 in
840 2528 1033 2599 certamine
1045 2528 1186 2624 ignotus
1196 2543 1299 2618 esset,
1311 2543 1347 2600 et
1355 2527 1440 2598 hinc
1453 2525 1536 2598 inde

461 2643 623 2715 feriendo
642 2658 719 2715 toto
741 2668 870 2742 campo
888 2642 1039 2734 fureret,
1059 2669 1080 2716 a
1097 2644 1289 2742 conjuratis
1309 2661 1534 2744 conspectus,

462 2785 508 2832 an
526 2761 602 2859 ipse
616 2774 708 2831 esset
725 2761 974 2856 interrogatur.
999 2765 1042 2831 At
1059 2760 1119 2832 ille
1136 2761 1347 2860 intrepidus,
1364 2787 1450 2834 mox
1462 2761 1538 2834 bar·

461 2877 546 2948 bam
555 2875 756 2964 obvelatam
769 2874 937 2973 detegit¹,
952 2901 1100 2974 seseque
1112 2902 1188 2949 esse
1201 2880 1411 2968 monstrat⁴,
1427 2880 1536 2952 multa

462 2997 499 3067 vi
520 2996 559 3066 in
585 2991 791 3065 Fulbertum
821 2991 990 3064 comitem
1021 2993 1153 3064 ferrum
1179 2992 1334 3067 vibrans.
1365 2993 1427 3064 llle
1452 3019 1535 3066 vero

464 3111 572 3184 loetali
590 3111 662 3183 ictu
680 3111 864 3208 accepto⁵‚
886 3108 932 3181 ab
950 3135 994 3182 eo
1011 3111 1050 3181 in
1071 3110 1232 3182 dextram
1257 3109 1473 3208 obliquatur.
1498 3115 1537 3181 Et

462 3230 513 3300 sic
530 3253 596 3327 per
607 3227 724 3298 loricae
735 3228 911 3298 manicam
925 3226 1049 3298 lancea
1061 3253 1145 3299 eum
1159 3228 1196 3298 iu
1210 3228 1318 3299 latere
1332 3229 1535 3325 gravissimo

463 3345 535 3417 ictu
553 3345 704 3434 sauciat,
731 3366 874 3414 necnon
893 3357 927 3414 et
948 3368 1013 3441 per
1034 3370 1120 3442 epar
1141 3360 1247 3443 atque
1273 3345 1486 3442 pulmonem
1505 3361 1538 3417 et
1587 3361 1592 3372 '

463 3461 594 3533 sinistri
619 3460 738 3558 lateris
760 3459 1021 3558 ypocundriam
1039 3461 1172 3533 ferrum
1188 3487 1301 3560 usque
1329 3464 1366 3534 in
1385 3463 1535 3562 clipeum

464 3578 623 3675 transigit
632 3577 662 3669 ⁰,
671 3585 716 3648 et
730 3577 987 3676 circumseptus
1001 3577 1146 3668 ab'aliis,
1163 3565 1299 3679 septem
1312 3579 1444 3651 lanceis
1458 3603 1537 3650 con-

464 3696 578 3767 fossus
595 3695 832 3793 praecipitatus
845 3695 992 3786 corruit,
1009 3695 1240 3794 diriguitque3
1256 3696 1441 3794 multoque
1459 3697 1533 3768 Ful-

499 3851 508 3882 ¹
527 3851 660 3903 tirannum
674 3853 699 3901 l.

499 3920 705 3992 ’nonerigitl

498 3993 636 4045 ‘alos-ica
647 3993 758 4045 extraxit
773 3997 796 4044 l.

497 4064 719 4116 ‘monstravitl
743 4111 751 4128 ,

497 4138 509 4166 ⁸
528 4153 591 4188 vero
603 4135 688 4206 clipeo
701 4135 782 4187 ictum
797 4136 929 4206 excipiens
942 4141 967 4189 l.

498 4207 655 4277 ‘transigit
682 4208 789 4258 lrmunt
817 4219 842 4258 et
865 4208 1066 4278 circumquaque
1087 4209 1225 4281 conjurati.
1250 4212 1270 4260 Α
1294 4209 1389 4277 quibus
1409 4211 1532 4262 rotbertus

464 4282 660 4349 circumseptus.
678 4291 775 4349 septem
787 4281 811 4328 l.
1378 4299 1380 4305 ·
