3417 5392
461 553 522 617 als
832 541 999 614 lllCllElll
1021 552 1096 614 tta.
1120 550 1162 624 Π.

459 678 497 749 in
512 677 621 775 ipsius
630 672 1051 774 ‘pervasorem‘sinodalis
1067 670 1271 772 proferatur
1287 696 1452 759 censura.
1464 676 1538 745 lle-

459 795 614 866 citautur
638 793 756 890 itaque
783 791 925 864 decreta
946 814 1130 872 canonum
1156 803 1191 861 et
1213 805 1419 862 sanctorum
1438 792 1538 862 insti·

460 925 536 983 tuta
548 926 691 1010 patrum
709 910 927 999 innocentii,
949 906 1161 998 Alexandri,
1190 901 1406 998 simmachi,
1422 906 1532 996 sini,
1634 984 1639 993 ,

368 1068 370 1075 s
461 1026 651 1119 Celestini‚
684 1026 814 1098 Zosimi
833 1079 842 1116 ,
881 1025 1030 1114 Leonis,
1069 1021 1271 1115 Bonefacii,
1312 1022 1538 1120 aliorumque

453 1159 588 1217 ,sanctae
606 1144 672 1217 Dei
685 1143 848 1215 aecclesiae
866 1141 1059 1213 doctorum
1076 1139 1277 1225 illustrium.
1299 1144 1465 1227 Quorum
1477 1140 1539 1213 de·

459 1261 583 1351 cretis,
604 1252 820 1353 unanimiter
839 1258 1141 1331 anathematizant
1162 1270 1269 1355 atque
1289 1255 1335 1328 ab
1353 1258 1538 1329 totiusaeo-

459 1376 573 1450 clesiae
590 1377 846 1450 communione
865 1389 1088 1475 sequestrant
1118 1378 1330 1471 Hugonem,
1354 1374 1537 1450 tiernensis

460 1494 623 1586 aecclesiae
639 1517 883 1593 pervasorem,
908 1492 1026 1565 donec
1043 1490 1311 1591 resipiscentem
1321 1492 1479 1589 peniteat
1495 1516 1537 1564 ac

460 1620 528 1711 p'ro
546 1609 704 1683 facinore
721 1609 865 1683 offensis
878 1606 1076 1681 satisfaciat.

935 1818 1063 1875 LXXXI.

510 1964 666 2062 Reliquis
679 1978 799 2035 autem
810 1961 937 2033 diebus
954 1961 1139 2040 decretum
1152 1975 1206 2033 est
1217 1959 1264 2036 de
1274 1962 1417 2037 incestis
1426 1978 1464 2035 et
1475 1962 1538 2035 illi-

463 2081 541 2155 citis
550 2074 830 2181 presbiterorum
842 2079 1034 2177 conjugiis,
1051 2080 1097 2151 de
1105 2076 1309 2177 presbiteris
1321 2103 1466 2179 quoque
1479 2105 1538 2153 eu-

462 2198 642 2273 karistiam
655 2196 800 2293 indigne
818 2193 1064 2286 tractantibus,
1086 2195 1132 2267 de
1144 2193 1309 2268 aecclesiis
1322 2198 1430 2269 etiam
1443 2196 1537 2269 alai·

462 2318 513 2387 cis
538 2313 696 2387 indebite
718 2313 918 2411 usurpatis;
942 2310 1082 2409 aliaque
1104 2311 1279 2384 'nonnulla
1293 2312 1351 2414 ibi
1368 2310 1530 2412 prolata*

459 2432 581 2525 fraere,
609 2426 692 2530 'quae
719 2424 986 2526 diligentissime
1012 2430 1240 2527 investigata,
1275 2446 1383 2529 atque
1409 2430 1540 2503 utiliter

464 2548 616 2622 diffinita
645 2562 745 2639 sunt3
776 2548 900 2645 sicque
928 2546 1077 2618 sinodus
1110 2545 1228 2619 soluta
1262 2562 1326 2621 est.
1367 2548 1539 2621 Indicitur

463 2690 551 2739 vero
562 2680 645 2766 post
658 2664 734 2737 dies
748 2666 795 2740 30
815 2664 946 2736 iterum
957 2660 1126 2735 habenda
1138 2663 1316 2757 Lauduui,
1337 2666 1376 2737 in
1392 2664 1539 2737 basilica

464 2784 576 2857 sancti
588 2780 765 2893 Vincentii
784 2779 958 2871 martiris,
991 2793 1032 2852 ut
1048 2777 1099 2851 ibi
1111 2794 1275 2853 exeratur
1290 2779 1482 2852 anathema
1498 2780 1538 2851 in

466 2906 656 2998 Hugonem
674 2898 868 2971 tirannum.

493 3072 635 3158 Lxxxn.
648 3132 684 3145 -
696 3100 867 3156 Anatbema*
876 3094 1087 3174 episcoporum*
1097 3100 1126 3154 in
1138 3098 1235 3155 ducem
1247 3102 1377 3173 ejusque*
1387 3102 1513 3155 fautores.

512 3251 652 3341 Quibus
676 3247 927 3348 diligenter-ac
950 3250 1123 3331 canonice
1142 3250 1314 3347 peractis,
1338 3248 1541 3323 Ludovicus

465 3394 528 3442 rex
548 3366 595 3441 ab
613 3372 746 3441 Ottone
769 3392 851 3465 rege
874 3366 1028 3439 militum
1051 3367 1191 3466 copias,
1218 3366 1311 3441 duoe
1328 3366 1536 3460 Chonrado,

465 3500 592 3557 contra
604 3489 793 3581 Hugonem
811 3484 996 3555 tirannum
1007 3484 1147 3583 accipit.
1168 3487 1255 3573 Quae
1272 3482 1362 3555 dum
1379 3510 1446 3583 per
1465 3482 1540 3557 dies

465 3603 514 3677 40
527 3599 788 3699 colligerentur,
804 3600 963 3698 episcopi
980 3599 1173 3701 supradicti
1186 3600 1362 3672 tricesima
1382 3600 1441 3673 die
1456 3614 1540 3700 post

464 3733 646 3819 peractam
663 3715 832 3788 sinodum
846 3716 887 3787 in
906 3716 1051 3789 basilica
1068 3709 1185 3789 sancti
1197 3716 1374 3793 Vincentii
1387 3714 1540 3788 martiris

420 3814 434 3827 „
465 3833 563 3935 apud
579 3831 794 3907 laudunum
815 3832 884 3906 sub
903 3859 985 3931 rege
1003 3832 1186 3910 Ludovico
1209 3833 1357 3906 collecta
1379 3846 1475 3905 sunt.
1495 3834 1541 3905 Et

464 3959 593 4031 iterum
604 3956 815 4055 praesidente
833 3956 1004 4058 praedicto
1021 3957 1181 4049 Marino,
1207 3970 1290 4056 post
1304 3980 1411 4028 sacrae
1423 3954 1541 4053 Scrip-

463 4090 551 4147 tume
567 4074 728 4173 paginas,
748 4098 827 4171 quae
840 4071 891 4146 ibi
909 4075 1062 4147 recitatae
1074 4089 1112 4147 et
1124 4074 1236 4146 multa
1253 4071 1540 4146 consideratione

499 4264 515 4297 ¹*
533 4266 570 4330 Α,
582 4263 722 4336 episcopo,
737 4262 761 4333 ej
775 4260 882 4314 abscisa.

502 4348 510 4380 ¹
531 4347 660 4423 prolatata
672 4344 759 4397 codex.
