3417 5392
472 585 530 645 174
838 583 1003 644 ulcflssttt
1027 585 1100 644 LlB.
1130 583 1171 645 ll.

470 705 515 776 ad
529 706 630 793 litus,
647 704 734 800 quid
745 703 876 776 vellent
889 707 1137 793 sciscitaturus,
1151 703 1255 776 redit.
1273 703 1326 774 llli
1339 729 1424 776 mox
1436 707 1537 802 quid·

472 823 557 894 dam
574 822 883 921 praeciosissimum
901 847 937 893 se
956 822 1093 893 deferre
1111 836 1291 911 asserunt,
1313 821 1411 918 quod
1431 847 1451 893 a
1476 823 1538 894 do-

469 939 567 1010 mino
594 963 659 1010 suo
691 937 870 1010 oblivione
899 963 1127 1038 suppressum
1157 936 1231 1007 luit.
1263 940 1343 1026 Dux
1376 939 1537 1011 navicula

467 1056 561 1126 litori
578 1054 719 1154 apulsa,
740 1055 819 1126 illos
836 1054 985 1152 excipit,
1006 1078 1026 1124 a
1045 1052 1173 1150 quibus
1187 1053 1294 1124 etiam
1312 1077 1397 1124 mox
1415 1055 1538 1150 gladiis

468 1172 628 1243 eductis¹
662 1171 886 1242 interimitur.
914 1169 1064 1241 Duobus
1090 1195 1234 1268 quoque
1259 1169 1452 1269 puberibus
1477 1175 1538 1268 qui

467 1314 550 1359 cum
569 1311 612 1360 eo
625 1288 779 1372 inermes
791 1286 957 1376 aderant,
979 1301 1014 1358 et
1026 1301 1133 1356 nauta
1148 1287 1326 1374 sauciatis,
1343 1288 1538 1360 anavicula

466 1405 655 1476 facinorosi
672 1383 836 1491 exiliunt,
862 1429 902 1474 ac
915 1418 998 1502 post
1019 1403 1201 1474 conscium
1225 1403 1412 1474 dominum
1430 1405 1468 1473 in
1487 1404 1538 1474 lu·

468 1546 548 1618 garn
566 1522 737 1591 seruntur.
760 1522 830 1608 Qui
843 1536 961 1592 autem
978 1520 1052 1615 jam
1070 1544 1134 1616 per
1153 1515 1300 1617 pelagus
1311 1519 1534 1615 navigabant,

467 1638 629 1709 conversi
653 1637 734 1708 litus
760 1638 923 1709 relictum
949 1651 1131 1735 repetunt,
1165 1660 1206 1706 ac
1237 1636 1425 1707 dominum
1451 1638 1537 1708 inte

467 1770 662 1853 remptum,
684 1755 847 1852 duosque
865 1753 1017 1852 puberes
1035 1767 1070 1825 et
1087 1767 1232 1824 nautam
1252 1755 1424 1824 sauciatos
1442 1755 1538 1826 inve-

467 1873 582 1945 niunt.
610 1875 870 1970 sumptumque
895 1870 1033 1941 domini
1054 1895 1185 1968 corpus
1202 1869 1420 1941 lamentabili
1437 1871 1537 1944 obse-

468 1990 553 2085 quio
572 1988 759 2086 sepulttuae
776 1988 977 2085 deportant.

528 2529 656 2580 XXXIV.
669 2557 705 2568 -
715 2528 774 2580 llex
786 2527 842 2580 lilio
853 2527 976 2580 Wilelmi
987 2527 1121 2581 Richardo
1138 2543 1232 2582 terram
1249 2531 1331 2600 patris
1344 2529 1474 2582 concedit.

515 2682 713 2762 Nec'multo
723 2706 804 2789 post
817 2706 853 2762 et
866 2692 941 2787 ejus
951 2690 1063 2762 filium
1077 2692 1122 2764 de
1129 2694 1309 2764 Brittanna
1320 2693 1532 2783 concubina,

468 2807 614 2877 nomine
629 2806 865 2898 Richardum,
886 2810 959 2905 regi
974 2808 1174 2900 deducunt,
1195 2810 1282 2907 gesti
1295 2811 1427 2907 negotii
1445 2811 1537 2881 ordi·

466 2947 551 2994 nem
578 2922 787 3021 pandentes.
821 2927 893 2995 Rex
918 2925 1151 2997 adolescentis
1176 2926 1384 3025 elegantiam
1414 2926 1536 2999 adver·

468 3056 564 3131 tenS,
595 3038 783 3111 liberaliter
810 3042 957 3140 excipit,
987 3028 1208 3142 provinciam
1234 3059 1374 3142 apatre
1395 3043 1535 3141 pridem

465 3168 683 3254 possessam,
705 3156 737 3227 ei
750 3155 913 3254 largiens.
938 3159 1097 3230 Potiores
1116 3184 1259 3257 quoque
1277 3161 1339 3258 qui
1354 3160 1535 3260 cunrado

465 3269 657 3342 lescentulo
687 3289 924 3363 accesserant,
956 3301 1021 3374 per
1048 3300 1174 3347 manus
1207 3292 1242 3348 et
1273 3293 1533 3348 sacramentum

466 3386 556 3483 regis
573 3386 676 3458 fiunt.
698 3388 879 3486 Multaque
894 3393 983 3488 regis
1000 3390 1204 3465 liberalitate
1220 3392 1422 3490 jocundati,
1440 3419 1533 3466 rece-

465 3502 556 3574 dunt
574 3503 777 3575 Rodomum
791 3505 819 3575 ².
851 3507 916 3578 Alii
938 3533 1024 3580 vero
1052 3513 1371 3601 Nortmannorum,
1396 3511 1533 3582 Richar-

465 3617 554 3690 dum
582 3619 628 3691 ad
656 3645 776 3716 regem
805 3625 970 3696 transisse
998 3624 1241 3722 indignanteS,
1272 3627 1318 3699 ad
1346 3633 1532 3725 Hugonem

465 3734 594 3806 ducem
607 3737 824 3823 concedunt.

501 3936 509 3964 ¹
529 3933 621 3985 strictis
634 3937 658 3984 l.

498 4019 510 4050 ¹
528 4016 672 4070 rodomum
682 4039 743 4070 corr.
