3417 5392
816 496 981 558 tttcttEttt
1004 497 1077 556 ΗΒ.
1103 497 1128 557 1.

669 867 707 916 11.
717 894 753 906 -
762 865 838 917 latius
851 866 942 918 Gallie
956 884 1003 936 per
1016 878 1102 936 partes
1118 865 1276 917 distributio.

483 1031 612 1103 Gattia⁴
632 1058 716 1129 ergo
730 1050 766 1105 et
778 1035 854 1132 ipsa
867 1035 904 1104 in
919 1035 983 1122 tria
997 1033 1162 1105 distincta
1174 1047 1247 1104 est:
1265 1035 1301 1103 in
1317 1032 1503 1130 Belgicam,

436 1147 617 1238 Celticam,
626 1150 880 1245 Aquitanicam.
894 1153 1054 1237 Quarum
1063 1150 1163 1249 prior
1174 1148 1324 1246 Belgica,
1336 1173 1357 1220 a
1368 1150 1503 1240 Rheno,

438 1265 499 1360 qui
512 1266 739 1336 Germaniam
758 1266 804 1337 ab
820 1271 965 1338 Oceano
980 1266 1202 1357 determinat,
1222 1289 1302 1362 quae
1314 1265 1505 1338 multarum

403 1410 407 1417 ⁴
439 1381 597 1477 gentium
619 1381 732 1472 ferax,
749 1381 1017 1477 agerminando
1032 1404 1166 1452 nornen
1183 1382 1339 1480 accepit,
1356 1383 1511 1481 exporri-

439 1496 532 1592 gitur
563 1523 673 1594 usque
700 1499 737 1569 in
766 1499 915 1570 fluvium
944 1501 1160 1588 Matronam;
1186 1496 1231 1568 ab
1253 1513 1406 1595 utroque
1427 1523 1510 1570 vero

440 1611 565 1703 latere,
586 1613 670 1683 hinc
687 1614 833 1709 quidem
851 1612 996 1712 Alpibus
1015 1613 1199 1703 Penninis,
1220 1611 1304 1684 inde
1320 1637 1406 1683 vero
1425 1614 1512 1683 mari

441 1727 602 1818 vallatur,
613 1728 713 1824 cujus
723 1729 996 1800 circumfusione
1005 1729 1119 1800 insula
1129 1729 1342 1799 Brittannica
1350 1727 1509 1800 efficitur.

444 1843 573 1914 Celtica
598 1845 744 1916 autem²
769 1871 791 1916 a
808 1849 970 1916 Matrona
993 1871 1058 1944 per
1079 1845 1227 1942 longum
1252 1844 1289 1914 in
1308 1847 1513 1916 Garunnam

445 1957 677 2052 distenditur3
698 1961 798 2056 cujus
815 1961 943 2051 latera,
965 1960 1089 2034 oceani
1107 1961 1330 2051 Brittannici,
1347 1976 1383 2033 et
1395 1961 1515 2032 insulae

446 2076 667 2151 brittannicae
684 2075 811 2147 limites
827 2076 973 2148 habent.
1001 2077 1180 2173 Quicquid
1197 2101 1282 2148 vero
1301 2102 1322 2148 a
1347 2079 1516 2147 Garunna

448 2190 683 2283 distenditur³
700 2195 737 2263 in
752 2195 953 2282 Pireneum,
967 2194 1172 2289 Aquitanica
1185 2192 1394 2292 appellatur,
1410 2191 1513 2265 binc⁴

450 2307 626 2380 Rhodano
650 2309 818 2405 Ararique
840 2324 948 2406 atque
974 2308 1057 2380 inde
1081 2309 1339 2380 Mediterraneo
1363 2307 1519 2382 conlimi-

450 2438 541 2495 tans.
563 2428 709 2495 Constat
727 2426 864 2521 itaque,
881 2426 987 2496 totius
1001 2425 1120 2496 Galliae
1139 2427 1290 2526 spatium
1315 2425 1360 2496 ab
1385 2426 1518 2496 oriente

451 2541 597 2637 quidem
613 2541 755 2631 Rheno,
785 2540 830 2611 ab
848 2541 1032 2614 occidente
1057 2547 1216 2638 Pyreneo
1232 2543 1261 2631 ⁵,
1288 2557 1324 2613 et
1345 2566 1367 2612 a
1385 2557 1519 2640 septen·

453 2658 568 2729 trione
595 2659 683 2730 mari
696 2658 932 2747 Brittannico,
957 2656 1003 2727 ab
1023 2672 1142 2730 austro
1161 2681 1246 2729 vero
1264 2656 1519 2730 Meditenaneo
1545 2699 1550 2707 .

455 2775 558 2872 oingi.

817 2898 869 2948 111.
878 2926 914 2938 —
922 2897 1010 2949 Mores
1022 2897 1169 2948 Gallorum.

508 3063 679 3132 Omnium
697 3086 780 3157 ergo
799 3061 992 3133 Galliarum
1009 3060 1134 3161 populi
1150 3061 1271 3134 innata
1288 3060 1430 3132 audatia
1448 3061 1521 3159 plu-

460 3177 591 3248 rimum
614 3176 819 3268 efferuntur,
843 3178 1103 3250 calumniarum
1127 3178 1360 3276 impatientes.
1384 3177 1421 3246 Si
1445 3177 1523 3247 inei-

461 3309 593 3384 tantur,
613 3293 759 3365 cedibus
777 3293 946 3383 exultant,
962 3294 1164 3389 efferatique
1181 3292 1426 3366 inclementius
1443 3291 1523 3362 ado·

462 3410 612 3480 riuntur.
635 3409 750 3480 Semel
768 3395 975 3508 persuasum
993 3435 1034 3504 ac
1054 3409 1250 3481 rationibus
1274 3409 1521 3508 approbatum,

464 3527 522 3596 vix
539 3524 696 3596 refellere
712 3540 940 3596 consuerunt.
965 3525 1068 3597 Unde
1081 3541 1116 3597 et
1129 3525 1353 3598 Hieronimus
1370 3552 1377 3595 :
1397 3525 1522 3614 «Sola,

503 3723 512 3752 ¹
535 3725 596 3792 Cup.
611 3721 638 3772 2.
661 3723 688 3772 3.
711 3721 868 3773 Elkedardus
889 3725 914 3773 in
935 3722 1036 3774 historia
1058 3725 1156 3794 Pippim'
1177 3736 1202 3774 et
1223 3723 1396 3776 Karolomatmi
1417 3725 1527 3808 woman

469 3811 554 3862 ᾰοηιω
568 3812 641 3878 regite
653 3812 787 3882 ascripsit.

504 3902 516 3932 ²
534 3913 621 3952 autem
633 3899 696 3952 hinc
709 3913 829 3952 matrona
838 3898 901 3951 iude
914 3899 1041 3954 Garunna
1053 3902 1166 3954 abluitur
1175 3905 1246 3973 prior
1257 3903 1338 3954 lectio.

507 3991 519 4022 ³
537 3989 565 4042 d.
578 3991 606 4042 in
619 3991 740 4043 hiberum
756 3989 802 4060 qni
813 3990 918 4042 hbet-ie
930 3991 1030 4060 regioni
1044 4011 1140 4045 nomen
1149 3991 1261 4058 indidit,
1277 4009 1357 4062 usque
1369 3992 1397 4044 in
1407 4009 1530 4050 oceanum

472 4081 563 4135 deleta.

508 4171 519 4201 ⁴
537 4172 567 4223 h.
581 4169 724 4240 provincie
736 4168 892 4240 lugdunensi
907 4180 982 4238 atque
997 4169 1058 4222 inde
1072 4175 1098 4222 l.

509 4263 520 4315 l!
538 4260 638 4332 hybero
656 4263 679 4314 Ι.
