3417 5392
449 530 509 589 nt
816 526 983 621 arcasin
1005 526 1080 589 nn.
1102 528 1147 588 rr.

450 669 519 724 tur.
535 650 680 722 Interim
692 672 783 721 vero·
799 648 901 721 sedes
919 653 1100 731 Remensis
1119 651 1267 723 Artoldo
1286 625 1521 742 conceditur,

451 770 612 871 Hugoni
604 780 692 841 tero
710 768 746 838 in
761 780 876 838 castro
889 767 1107 839 Mosomensi
1124 770 1340 872 commorari
1351 767 1526 868 permitti·

452 902 520 957 tur.
545 890 616 955 Pax
630 908 780 983 qnoque
793 899 986 982 sequestra,
1003 886 1167 957 Ottonis
1157 900 1359 985 interventu
1366 886 1465 982 ‚regi
1483 908 1526 955 ac

451 1004 534 1075 duci
548 1002 594 1075 ab
612 1002 781 1078 atterutro
794 1002 921 1093 datur,
943 1018 979 1074 et
997 1028 1145 1122 usque
1127 978 1175 1081 ad
1192 1018 1333 1103 tempus
1352 1000 1528 1074 habendae

453 1121 571 1194 sinodi
588 1133 810 1193 sacramento
829 1117 1002 1192 firmatur.

713 1504 1267 1572 va1.-sino‹tm*vnduni*t'nsin.

506 1664 848 1775 Tempns'adrenit‚
873 1676 1091 1775 sinodusque
1111 1678 1361 1776 episcoporum
1379 1674 1534 1759 Virdnni

414 1844 417 1849 ·
459 1794 607 1865 collecta
617 1808 670 1865 est
682 1808 789 1892 atque
801 1792 934 1885 habita,
946 1772 1157 1893 §residente
1168 1791 1339 1865 Rotberto
1352 1806 1534 1891 metropo-

461 1916 570 1989 litano
583 1915 791 2004 Treverico,
808 1940 892 1987 curn
906 1915 1053 2007 Artoldo
1066 1914 1249 2004 Remensi,
1265 1912 1536 1986 considentibus

461 2058 606 2133 quoque
629 2028 851 2105 tdalberone
869 2031 1053 2122 Mettensi,
1080 2031 1251 2103 Gauslino
1269 2030 1442 2119 Tullensi,
1463 2029 1538 2100 flit-

462 2148 620 2221 deboldo
633 2150 1015 2246 Miroegardvurdensi,
1035 2148 1189 2221 israhele
1207 2147 1413 2245 brittigena,
1434 2148 1538 2219 assis·

462 2264 617 2337 tentibus
631 2248 740 2335 etiarn
749 2270 929 2353 Brnnone,
943 2266 1021 2335 viro
1032 2264 1230 2337 reverendo
1239 2280 1276 2336 et
1285 2264 1432 2354 abbate,
1453 2288 1539 2335 curn

464 2380 540 2469 aliis
551 2379 739 2451 abbatibus
752 2395 788 2451 et
799 2381 986 2451 monachis
999 2380 1211 2453 venerandis
1217 2379 1400 2478 Agenoldo
1412 2378 1540 2451 etOdi·

464 2498 559 2570 lone.
583 2496 636 2569 Ad
656 2496 751 2571 hanc
768 2496 936 2570 sinodum
954 2504 1058 2595 Hugo
1075 2502 1241 2588 vocatus,
1263 2498 1378 2569 missis
1394 2498 1540 2569 adeum

464 2612 718 2687 deducendum
730 2613 954 2688 Adalberone
967 2631 1003 2687 et
1016 2616 1187 2707 Gauslino
1205 2616 1403 2715 episcopis,
1417 2615 1541 2686 venire

466 2733 592 2804 noluit.
608 2730 712 2804 Unde
732 2748 767 2806 et
780 2734 1032 2835 episcoporum
1042 2734 1216 2807 sententia
1231 2734 1407 2815 'fertoldo
1419 2750 1546 2827 tenere·

467 2847 633 2921 condedit
645 2849 877 2950 episcopium.
896 2850 1143 2949 Sicquenullis
1160 2875 1280 2924 rerum
1299 2850 1543 2925 determinatis

469 2964 687 3058 rationibus,
703 2966 852 3041 sinodus
869 2966 985 3041 soluta
1002 2984 1066 3041 est.

616 3208 619 3217 ι
721 3172 1002 3233 totvm-stione
1018 3168 1132 3233 Musoni
1142 3180 1176 3215 ¹*
1186 3182 1285 3271 barbita,

479 3330 484 3341 '
521 3324 691 3396 Indicitur
716 3350 801 3397 vero
830 3325 996 3401 habenda
1018 3327 1140 3400 Idibus
1160 3332 1303 3401 Januar.
1331 3334 1375 3400 Et
1399 3319 1545 3402 evoluto

473 3457 653 3540 tempore,
687 3443 724 3513 in
738 3442 881 3515 basilica
903 3445 1022 3517 Sancti
1049 3440 1170 3518 Pet1i²
1202 3446 1299 3546 apud
1319 3450 1546 3522 Mosomense

475 3574 629 3632 castrum
651 3559 809 3634 secunda
826 3561 974 3657 sinodus
990 3561 1112 3635 habita
1129 3579 1212 3653 est‚.
1225 3564 1435 3663 presidente
1454 3588 1545 3662 quo·

475 3701 547 3773 que
566 3674 734 3775 praedicto
755 3680 1031 3784 metropolitane
1051 3681 1221 3755 Rotberto
1238 3683 1443 3774 Treverieo,
1464 3706 1546 3754 curn

467 3792 549 3866 'fere
576 3792 743 3866 omnibus
772 3820 851 3871 suae.
872 3796 1057 3871 dioceseos
1083 3800 1277 3898 episcopis,
1305 3824 1347 3872 ac
1370 3798 1548 3899 aliquibus

512 4013 528 4049 *
546 4012 615 4080 nod,
628 4016 656 4067 ni
671 4016 803 4071 babscisa.

512 4096 543 4131 *¹*
561 4098 608 4150 Mo
619 4098 746 4153 abscdum.

514 4182 522 4211 ¹
543 4182 669 4236 sensentia
680 4172 742 4237 corr.

516 4266 527 4295 ¹
545 4268 636 4335 petetri
649 4287 711 4319 corr.
