3417 5392
463 524 521 582 138
828 515 993 580 menum
1015 517 1089 578 ΗΒ.
1115 518 1157 580 ll.

457 644 564 716 nibus
588 667 674 714 mox
697 641 842 741 impleta
858 659 927 733 est,
948 667 990 716 ac
1007 642 1054 716 ad
1072 667 1190 716 arcem
1218 643 1303 714 rotis
1335 643 1525 718 mobilibus

456 759 621 859 impulsa.
641 763 760 847 Quam
776 782 894 830 cuma
911 757 1152 858 superioribus
1165 759 1286 831 hostes
1304 761 1454 858 rupibus
1465 785 1526 860 op

456 879 612 976 primere
635 890 867 967 conarentur,
892 901 914 948 a
935 877 1118 973 sagittariis
1143 875 1304 974 undique
1328 876 1524 976 dispositis,

456 993 713 1066 contumeliose
733 992 865 1091 repulsi
882 1008 976 1064 sunt.
1010 991 1063 1065 Ad
1086 1017 1203 1066 arcem
1225 995 1344 1092 itaque
1364 995 1527 1069 machina

364 1095 369 1102 ’
410 1182 415 1190 ,
457 1109 626 1201 deducta,
647 1133 772 1181 murus
793 1133 836 1181 ex
860 1123 962 1208 parte
984 1109 1136 1182 suffosus
1160 1124 1267 1208 atque
1283 1135 1432 1183 eversus
1459 1128 1522 1185 est.

458 1232 585 1298 Hostes
597 1224 863 1297 multitudinem
878 1240 1096 1298 armatorum
1113 1251 1178 1325 per
1190 1225 1288 1298 hunc
1299 1225 1437 1298 hiatum
1448 1253 1528 1327 pos·

458 1342 558 1414 sibile
583 1340 762 1413 introduci
783 1341 1030 1433 formidantes,
1060 1366 1159 1414 arma
1182 1340 1387 1442 deponunt,
1414 1369 1456 1416 ac
1474 1369 1527 1416 re·

439 1457 552 1564 'giam
568 1455 791 1529 clementiam
813 1455 1017 1556 implorant.
1040 1461 1112 1530 Rex
1131 1483 1216 1555 ergo
1233 1459 1384 1558 amplius
1401 1459 1528 1531 tumul·

458 1573 550 1645 tuari
566 1571 777 1672 prohibens,
803 1572 954 1645 intactos
975 1598 1068 1673 pene
1092 1575 1381 1675 comprehendit,
1403 1589 1528 1674 praeter

458 1689 527 1761 hos
539 1690 603 1787 qui
620 1689 658 1761 in
676 1687 819 1760 militari
840 1688 996 1762 tumultu
1016 1691 1162 1764 sauciati
1175 1691 1290 1781 luere,
1311 1717 1466 1790 suosque
1482 1693 1528 1766 ad

460 1805 558 1877 urbis
570 1805 718 1878 tutelam
729 1806 766 1877 in
783 1830 866 1878 arce
879 1805 1054 1906 deposuit.

565 2027 616 2079 xl.
628 2055 666 2068 -
675 2027 758 2080 Dolus
769 2025 874 2080 Arnulfi
885 2027 986 2097 atque*
998 2025 1092 2098 oppidi
1103 2025 1307 2080 Mcnmterioli*
1318 2026 1416 2098 captio.

506 2200 588 2268 Haec
609 2195 699 2267 dum
725 2211 946 2293 gererentur,
979 2195 1142 2267 Arnulfus
1164 2194 1351 2294 praedictus
1376 2196 1528 2268 Morino·

459 2336 541 2382 rum
552 2313 736 2411 princeps,
756 2312 893 2384 Erluini
903 2310 1079 2410 oppidum
1092 2335 1192 2382 secus
1203 2335 1301 2384 marc
1318 2312 1438 2401 situm,
1457 2314 1526 2382 Mo

459 2427 690 2502 casteriolum
717 2429 882 2517 nomine,
911 2452 982 2498 suae
1009 2427 1102 2526 parti
1129 2425 1260 2499 addere
1280 2427 1454 2523 cogitans,
1483 2450 1525 2497 eo

457 2543 559 2641 quod
583 2570 626 2616 ex
647 2545 792 2618 navium
817 2541 1123 2616 advectationibus
1142 2541 1226 2614 inde
1247 2541 1366 2640 plures
1384 2554 1527 2638 questus

457 2663 686 2758 proveniant,
711 2661 930 2761 adipiscendi
959 2659 1103 2732 insidias
1123 2658 1373 2758 componebat.
1403 2659 1527 2756 Dirigit

458 2777 578 2876 itaque
591 2778 767 2877 quosdam
785 2801 934 2849 suorum
945 2775 1092 2847 callidos
1103 2775 1141 2847 in
1153 2790 1250 2848 veste
1261 2774 1408 2872 abjecta,
1425 2772 1525 2846 dolos

458 2894 700 2984 dissimulans,
725 2895 772 2966 ad
796 2893 977 2992 quendam
1003 2891 1162 2989 ejusdem
1181 2891 1305 2990 oppidi
1322 2889 1522 2980 custodem,

459 3033 568 3106 quem
589 3009 696 3080 etiam
717 3011 755 3079 in
780 3007 985 3107 proditione
1006 3032 1081 3078 non
1104 3004 1286 3077 diffidebat
1307 3003 1521 3076 facillimum.

459 3126 531 3214 Qui
548 3127 712 3223 ingressi,
732 3150 816 3197 eum
834 3150 856 3196 a
874 3125 1023 3196 domino
1038 3123 1206 3212 salutant,
1224 3146 1265 3192 ac
1282 3119 1455 3218 loquendi
1467 3147 1525 3220 op

457 3244 713 3341 portunitatem
733 3256 870 3341 petunt.
901 3241 1078 3314 secedunt
1097 3263 1194 3335 ergo.
1220 3237 1272 3308 Illi
1295 3251 1435 3309 tantum
1453 3260 1524 3307 esse

457 3359 642 3455 negotium
659 3357 918 3457 propterquod
937 3367 1107 3430 venerant
1120 3352 1341 3442 simulantes,
1359 3368 1398 3424 ut
1415 3377 1437 3423 a
1454 3376 1522 3450 quo

458 3475 615 3546 exordiri
626 3490 790 3572 possent,
807 3475 948 3572 penitus
963 3474 1183 3570 ignorarent,
1204 3469 1457 3568 aliquantisper
1466 3468 1524 3540 he·

459 3590 595 3662 rebant.
618 3595 663 3661 Et
680 3590 825 3662 tandem
842 3590 1058 3688 suspirantes
1077 3615 1084 3657 :
1117 3587 1210 3657 «Eia
1228 3601 1262 3657 te
1274 3614 1316 3676 n,
1336 3587 1520 3684 inquirmt,

462 3705 673 3778 «botbertel
695 3709 749 3779 eia
761 3722 797 3779 te
807 3703 989 3780 Rotbertel
1009 3733 1027 3771 >a
1040 3743 1090 3760 -·-
1103 3706 1151 3776 sic
1164 3705 1259 3776 enim
1273 3703 1524 3775 vocabatur-

462 3853 480 3890 a
492 3825 634 3921 quantis
645 3823 745 3895 malis
763 3823 919 3923 elapsus,
934 3823 1075 3920 quantis
1092 3821 1256 3921 periculis
1270 3835 1454 3919 exemptus
1466 3843 1520 3908 es,

461 3970 479 4007 α
494 3955 528 4011 et
546 3940 668 4037 quanti
697 3942 841 4038 insuper
867 3939 1103 4011 secundarum
1128 3964 1247 4010 rerum
1268 3937 1330 4009 tibi
1352 3936 1523 4009 debentur

461 4085 480 4121 «
492 4053 687 4127 successus!
702 4083 720 4121 υ
740 4059 783 4126 Et
801 4057 918 4127 statim
934 4055 1159 4154 protulerunt
1177 4055 1268 4126 duos
1281 4054 1423 4142 annuos,
1439 4052 1523 4123 alter

495 4278 510 4311 t·
528 4297 559 4341 a,
573 4278 616 4342 M,
630 4280 642 4328 l
657 4279 760 4329 abscisa.
