3417 5392
448 499 489 560 rs
823 493 990 555 menum
1013 495 1086 577 nn.
1110 495 1136 553 1.

446 618 586 713 signum
604 613 798 713 excipiens,
823 616 964 712 agmine
982 616 1132 690 densato
1151 621 1403 718 circumseptus
1428 618 1518 687 ince-

447 731 565 804 debat.
582 736 777 829 Factusque
790 734 894 804 cunei
908 731 1068 806 militaris
1082 761 1251 827 acumen,
1270 736 1390 806 hostes
1407 733 1518 804 vibra·

445 848 591 957 bundus¹
628 846 834 944 ingreditur.
869 852 1127 950 Precipitantur
1160 851 1319 942 barbari,
1358 850 1517 949 viresque

447 967 625 1038 amittunt.
644 969 687 1035 At
706 965 821 1062 regius
838 968 1011 1039 exercitus
1029 969 1188 1060 redienS,
1212 971 1342 1042 iterum
1357 967 1519 1066 irrumpit

446 1083 654 1179 sternitque,
674 1082 853 1179 tertioque.
863 1082 1022 1177 adortus,
1038 1084 1110 1158 fere
1123 1111 1249 1158 omnes
1267 1084 1446 1186 opprimit.
1466 1085 1518 1156 Ex

447 1223 603 1297 quorum
617 1198 769 1270 tumultu
782 1223 866 1271 oum
882 1223 943 1272 aer
954 1201 1135 1293 densatus,
1152 1203 1266 1274 multo
1284 1201 1428 1301 pulvere
1444 1202 1520 1300 pin·

448 1330 646 1412 gnosceret,
662 1314 824 1386 Catillus⁴
843 1340 928 1388 oum
941 1319 1062 1416 paucis
1073 1345 1139 1418 per
1151 1319 1337 1416 caliginem
1350 1317 1432 1415 fuga
1443 1341 1518 1390 sese

447 1433 632 1531 surripuit,
661 1447 768 1529 atque
795 1434 833 1503 in
864 1433 1017 1507 dumetis
1050 1461 1125 1508 sese
1156 1435 1304 1508 abdidit.
1336 1434 1518 1521 Quicum

446 1548 586 1651 lateret,
606 1573 629 1620 a
643 1547 839 1620 victoribus
855 1547 988 1648 passim
1010 1551 1212 1650 palantibus
1232 1565 1393 1649 repertus
1414 1565 1519 1648 atque

448 1681 573 1764 captus
585 1680 655 1756 est,
671 1666 815 1762 suisque
827 1667 890 1762 qui
903 1669 1041 1739 secum¹
1065 1667 1262 1740 latuerant²
1278 1666 1394 1765 gladio
1413 1683 1519 1740 trans·

447 1780 541 1873 fixis,
561 1797 644 1881 post
661 1782 774 1881 spolia
792 1782 930 1882 direpta
949 1784 1070 1856 Odoni
1084 1787 1157 1882 regi
1175 1782 1314 1858 oblatus
1332 1799 1395 1856 est.

654 2211 690 2262 X.
703 2240 740 2251 -
750 2211 861 2264 'liranni
870 2217 885 2248 t
897 2213 1055 2284 baptismus,
1069 2215 1116 2266 et*
1131 2213 1279 2266 interiectio
1288 2214 1314 2264 ἢ

498 2361 635 2434 Utiliter
650 2385 736 2458 ergo
753 2379 891 2461 patrata
908 2365 1072 2455 victoria,
1093 2389 1155 2437 rex
1177 2367 1359 2436 tirannum
1376 2379 1517 2463 (aptum

447 2501 569 2548 seeum
586 2479 792 2550 lemovicas
805 2479 905 2551 ducit
917 2535 927 2570 ,
938 2482 1059 2580 ibique
1071 2484 1105 2554 ei
1120 2483 1199 2556 vitae
1217 2507 1258 2554 ac
1269 2481 1396 2553 mortis
1409 2483 1519 2580 optio-

447 2616 531 2664 nem
549 2592 664 2685 dedit,
685 2595 714 2665 si
724 2594 975 2695 baptizaretur,
995 2599 1122 2689 vitam,
1143 2599 1198 2670 sin
1216 2598 1347 2688 minus,
1368 2613 1518 2668 mortem

447 2711 670 2808 promittens.
689 2712 863 2783 Tirannns
875 2739 960 2785 mox
973 2715 1106 2814 absque
1118 2715 1399 2786 contradictione
1411 2712 1520 2812 bapti·

344 2876 347 2880 ι
448 2827 519 2898 zari
529 2829 629 2926 petit.
641 2828 712 2900 Sed
725 2828 877 2900 dubium
885 2855 930 2902 an
943 2831 1026 2904 fidei
1036 2833 1228 2930 quiequam
1241 2830 1417 2902 habuerit.
1430 2830 1518 2917 Quia

447 2966 532 3040 ergo
544 2960 765 3043 pentecostes
776 2947 929 3018 instabat
942 2948 1198 3048 sollempnitas,
1215 2975 1256 3020 ac
1269 2949 1518 3047 episcoporum

446 3076 644 3132 conventus
661 3063 735 3158 regi
747 3061 887 3154 aderat,
904 3063 950 3134 ab
966 3066 1141 3165 episeopis
1155 3067 1187 3136 ei
1201 3064 1409 3136 triduanum
1434 3061 1519 3136 indi-

446 3177 537 3248 eitur
562 3178 750 3274 jejunium.
784 3179 851 3250 Die
876 3205 963 3251 vero
993 3182 1184 3254 constituta
1211 3205 1295 3252 cum
1317 3181 1354 3250 in
1376 3177 1518 3250 basilica

445 3295 557 3366 sancti
582 3295 754 3366 Marcialis
780 3297 956 3394 martiris,
988 3313 1070 3396 post
1098 3299 1350 3396 episcoporum
1378 3310 1516 3394 peraeta

444 3409 561 3482 officia
584 3411 622 3482 in
642 3436 783 3483 sacrum
796 3412 931 3486 sontem
949 3413 1087 3513 abipso
1108 3439 1190 3511 rege
1204 3411 1432 3512 excipiendus
1445 3411 1519 3481 des·

443 3526 626 3619 cenderet,
648 3528 793 3627 jamque
821 3531 914 3600 trina
937 3531 1152 3602 inmersione
1174 3530 1211 3600 in
1234 3529 1382 3600 nornine
1409 3527 1517 3598 Patris

445 3657 481 3714 et
502 3643 577 3714 Filii
598 3659 635 3715 et
656 3646 806 3744 Spiritus
828 3647 939 3716 sancti
960 3645 1156 3744 baptizatus
1180 3662 1293 3735 esset,
1323 3650 1411 3742 lngo
1437 3659 1517 3715 ante

445 3760 598 3855 signifer,
619 3761 735 3856 gladio
754 3761 884 3834 educto
902 3761 1058 3834 laetaliter
1076 3789 1159 3835 eum
1177 3763 1449 3850 transverberat,
1478 3784 1518 3831 ae

445 3875 581 3947 iontem
597 3892 784 3967 sacratum,
806 3879 962 3951 vulneris
983 3879 1154 3952 effusione
1174 3881 1375 3952 immaniter
1396 3902 1520 3950 cruen-

480 4096 496 4129 *
515 4095 539 4157 i,
551 4109 592 4160 et,
605 4113 623 4147 ο
634 4097 739 4147 abscisa.

482 4179 490 4208 ¹
511 4197 556 4231 rex
566 4181 741 4232 barbarorum
752 4199 814 4230 corr.
827 4181 939 4232 catillus.

481 4263 495 4305 ¹·
511 4281 551 4328 m,
565 4265 603 4329 la,
617 4263 742 4316 tahscisa.
