3417 5392
479 565 519 626 ll
855 565 1018 629 utcnnut
1042 567 1115 628 utu.
1142 569 1168 628 1.

478 707 571 764 cant.
588 693 772 789 Utrimque
785 692 852 763 tirsi
863 693 1123 791 procumbunt.¹
1133 695 1357 766 Winemarus
1370 708 1545 792 metropo-

477 810 626 881 litanum
654 809 817 898 adortus,
840 807 963 882 lancea
993 811 1166 882 inermem
1197 809 1412 906 transligit¹,
1440 823 1545 907 atque

476 929 568 1000 inter
581 951 665 998 suos
677 941 813 1024 septem
831 925 1036 999 vulneribus
1053 914 1248 997 sauciatum
1260 927 1465 1024 precipitat.
1482 928 1545 997 Cui
1672 943 1673 981 ³

476 1068 559 1115 cum
585 1042 704 1115 adhuc
725 1043 814 1124 ictus
838 1042 1054 1131 intenderet,
1086 1041 1233 1138 quidam
1263 1066 1410 1114 suorum
1432 1041 1544 1112 mrdto
1672 1076 1673 1084 2

476 1160 634 1258 episcopi
658 1183 781 1230 amore
805 1150 919 1249 ducti,
947 1184 1054 1258 super
1080 1183 1163 1230 eum
1194 1157 1446 1258 procumbunt.
1476 1161 1545 1246 Qui

476 1300 559 1346 cum
571 1300 615 1347 eo
629 1300 713 1346 mox
724 1274 881 1346 transfixi
890 1290 996 1373 atque
1007 1276 1113 1348 occisi
1126 1289 1220 1348 sunt.
1235 1280 1397 1363 Quatuor
1408 1291 1545 1348 tanturn

476 1389 557 1487 fuga
574 1389 778 1480 labuntur²,
798 1391 861 1487 qui
879 1391 930 1463 rei
948 1392 1135 1488 negotium
1149 1391 1266 1462 Re'mis
1284 1390 1540 1464 demonstrant.

475 1509 573 1577 Tunc
590 1530 676 1577 vero
694 1529 822 1603 magna
840 1505 992 1577 militurn
1010 1531 1154 1597 manus,
1175 1506 1221 1579 ab
1246 1506 1333 1580 urbe
1351 1532 1435 1579 mox
1462 1534 1543 1580 cunr

475 1623 582 1694 armis
605 1621 749 1713 educta,
777 1621 997 1696 adversarios
1021 1626 1186 1723 persequi
1212 1641 1372 1697 conatur.
1404 1625 1475 1698 Sed
1496 1629 1545 1698 eis
1672 1655 1673 1658 ¹

475 1735 617 1834 elapsis,
648 1737 837 1810 dominum
859 1740 1017 1811 occisum
1034 1765 1117 1812 cum
1136 1742 1207 1812 suis
1228 1740 1414 1839 colligunt,
1439 1757 1544 1840 atque

475 1853 588 1925 multo
609 1855 744 1928 doloris
765 1856 922 1928 lamento
948 1859 1076 1928 Remos
1096 1856 1303 1955 deportant,
1328 1881 1411 1930 cum
1436 1882 1546 1930 sacer-

474 1971 619 2045 dotibus
641 1971 862 2046 sacerdotem
882 1971 1038 2071 plurimo
1054 1971 1244 2069 'dignitatis
1263 1971 1435 2070 obsequio
1462 1987 1545 2046 con-

475 2087 610 2160 dentes.

759 2612 864 2665 xvm.
877 2642 914 2654 -
924 2613 1100 2666 Winemari*
1112 2613 1264 2666 inter-inu&

520 2779 658 2848 Interea
682 2776 838 2850 collectis
863 2777 960 2874 apud
989 2802 1107 2875 regem
1131 2777 1324 2875 episcopis,
1354 2773 1437 2846 talia
1460 2797 1542 2843 mox

473 2891 683 2964 icferuntur.
695 2893 804 2981 Quod
813 2895 920 2966 etiam
931 2893 1099 2965 omnibus
1112 2895 1263 2965 nimium
1274 2891 1383 2963 animi
1397 2891 1543 2962 incussit

473 3005 648 3082 dolorem.
671 3011 743 3080 Rex
756 3010 830 3107 ipse
842 3010 880 3080 in
891 3007 1053 3081 lacrimas
1066 3009 1274 3099 dissolutus,
1289 3008 1335 3080 de
1352 3031 1437 3078 casu
1455 3031 1542 3104 pon·

474 3119 597 3193 siricis·
618 3121 709 3214 adeo
727 3139 943 3220 conquestus
960 3140 1023 3198 est.
1041 3127 1206 3225 Episcopi
1219 3149 1363 3224 quoque
1376 3125 1413 3195 in
1425 3109 1542 3194 liutris

472 3253 588 3313 morte
616 3254 654 3311 et
681 3241 905 3340 coepiscopi,
930 3241 1041 3313 multa
1073 3242 1379 3314 commiseratione
1409 3237 1543 3310 condo·

472 3353 580 3427 luere.
597 3357 761 3453 initoque
772 3357 941 3449 consilio,
957 3359 1202 3430 Winemarurn
1215 3382 1299 3428 cum
1311 3357 1382 3428 suis
1394 3353 1543 3454 compli-

472 3470 584 3563 cibus,
597 3471 760 3545 horribili
771 3473 996 3547 anathemate
1004 3473 1187 3547 damnant.
1204 3475 1275 3563 Qui
1287 3475 1325 3546 in
1342 3473 1442 3544 brevi
1455 3469 1542 3542 deli-

472 3589 585 3680 ciens,
605 3590 790 3663 insanabili
807 3590 954 3690 ydropis
978 3591 1106 3664 morbo
1131 3617 1152 3664 a
1169 3595 1246 3663 Deo
1267 3614 1453 3691 percussus
1472 3603 1537 3660 est.

472 3707 604 3778 Ventre
621 3707 740 3806 itaque
765 3706 945 3806 turgidus,
972 3709 1124 3781 exterius
1145 3707 1291 3806 quidem
1317 3707 1414 3778 lento
1439 3706 1540 3802 igne,

472 3822 619 3894 interius
628 3847 714 3896 vero
727 3825 875 3897 immani
892 3825 1058 3898 incendio
1077 3825 1255 3898 urebatur.
1278 3828 1404 3922 lugens
1421 3837 1545 3894 tumor

508 4072 522 4103 '¹
542 4091 570 4136 c,
583 4072 612 4124 in
623 4075 726 4126 aduisa.
