3417 5392
837 521 1001 582 ttlcttEttt
1025 520 1098 581 ΗΒ.
1127 521 1151 582 l.

961 1004 1019 1058 XL.

507 1160 552 1228 Et
563 1153 779 1229 Gislebertus
791 1151 950 1251 quidem,
966 1175 1049 1225 cum
1062 1147 1159 1248 apud
1175 1171 1338 1220 socerum
1355 1171 1430 1219 nou
1443 1171 1525 1246 pro·

461 1273 582 1346 liceret
604 1273 662 1344 ut*
687 1295 835 1369 regnum
854 1269 940 1341 sibi⁸
969 1291 1094 1367 parare
1116 1266 1275 1363 posset‘,
1298 1265 1334 1335 in
1358 1262 1526 1335 Celticam

460 1390 592 1462 secedit
608 1413 650 1460 ac
667 1388 792 1459 transit
813 1385 850 1456 in
874 1383 1089 1472 Neustriam3
1118 1381 1238 1478 sicque
1255 1405 1337 1452 cum
1357 1379 1526 1451 Rotberto

460 1505 551 1578 duce
571 1504 616 1576 de
634 1503 764 1575 eodem
780 1501 924 1598 negotio
942 1498 1130 1570 consilium
1148 1495 1303 1586 confert,
1324 1495 1478 1568 suadens
1496 1497 1526 1568 ei

461 1619 506 1690 de
535 1619 635 1716 regni
661 1617 901 1716 susceptione,
934 1639 975 1686 ac
1004 1611 1124 1684 Karoli
1147 1612 1356 1708 abjectione.
1388 1612 1528 1685 Exultat

459 1736 638 1822 tirannus,
666 1746 703 1805 et
732 1734 873 1805 tiranno
896 1730 1031 1828 absque
1061 1754 1162 1802 mora
1188 1728 1291 1800 lavet.
1323 1728 1529 1801 Deliberant

459 1839 577 1949 itaque
595 1849 721 1940 ambo,
741 1863 875 1947 etpost
898 1847 986 1947 pro²
1012 1845 1256 1944 perpetrandis
1280 1843 1388 1918 fidem
1411 1869 1526 1918 sacra·

461 1965 605 2038 mento⁸
622 1965 870 2043 confirmant⁴.

958 2095 1029 2148 ΧΠ.

510 2230 683 2325 Tempore
700 2250 786 2296 vero
804 2224 1009 2312 constituto,
1025 2248 1108 2294 curn
1120 2248 1181 2296 rex
1197 2228 1355 2322 Tungros
1366 2222 1526 2314 redisset,

462 2342 582 2440 ibique
599 2343 755 2440 privatus
771 2337 953 2428 resideret,
974 2337 1099 2410 urbem
1115 2340 1362 2412 suessonicam
1380 2339 1527 2412 Rotber-

463 2474 519 2532 tus
541 2457 748 2556 ingreditur.
782 2455 886 2555 Apud
906 2482 1014 2554 quem
1035 2481 1079 2528 ex
1103 2471 1177 2529 tota
1201 2457 1331 2530 Celtica
1361 2457 1529 2555 primates

497 2651 506 2682 ¹
526 2669 559 2716 n,
571 2649 627 2716 sib,
641 2669 659 2721 p
671 2670 703 2702 ec
714 2652 815 2720 conjece.

496 2720 552 2773 'ex
565 2723 590 2772 l.
697 2718 700 2724 ’

497 2791 509 2820 ⁸
526 2790 692 2844 moramentis
704 2793 729 2842 l.

499 2861 510 2892 ⁴
528 2879 553 2913 c.
566 2862 600 2914 Et
609 2874 669 2932 post
679 2861 735 2913 baec
749 2861 907 2914 Gislebertus
926 2860 953 2912 in
966 2861 1096 2931 Belgicam
1113 2861 1182 2914 redit
1192 2862 1290 2914 munici
1310 2862 1335 2914 ia
1346 2859 1473 2914 militibus
1484 2877 1527 2912 co-

462 2931 513 3055 piis
523 2931 710 2984 sufficientibus
721 2932 880 3002 implens,in
893 2950 979 3002 regem
990 2931 1078 2984 omnia
1089 2931 1226 2997 ordinans;
1236 2881 1318 2984 sterit
1325 2931 1420 2984 rudera
1427 2929 1528 2983 aditum

489 3002 607 3068 ciebant,
622 3002 783 3054 firmioribus
793 3003 909 3055 claustris
918 3001 1088 3055 reaedificans.
1100 3005 1180 3056 Rntm
1191 3021 1254 3056 vero
1269 3004 1362 3056 milites
1373 3021 1388 3055 a
1398 3021 1453 3054 aeae
1464 3001 1528 3054 deli·

463 3090 522 3125 cere
531 3091 620 3144 posse,
636 3070 838 3144 sijurejurando
853 3073 902 3125 sibi
913 3091 957 3125 eos
968 3091 1023 3125 non
1034 3086 1196 3140 annecteret,
1209 3073 1289 3126 fidem
1300 3075 1333 3126 ab
1349 3073 1473 3125 omnibus
1484 3090 1527 3124 eo·

462 3161 525 3194 mm
540 3141 711 3213 jurejurando
722 3143 768 3195 sed
779 3156 805 3196 et
815 3143 918 3196 obsides
936 3161 1002 3214 quos
1015 3143 1071 3196 ruit
1081 3143 1189 3215 accipit,
1201 3163 1295 3214 eosque
1311 3144 1338 3196 in
1350 3141 1451 3215 oppido
1462 3143 1527 3195 llar-

462 3213 529 3265 burc
547 3212 621 3283 quod
637 3232 706 3284 pene
724 3214 924 3285 inexpugnabile
943 3212 1081 3268 ridebatur
1097 3215 1114 3267 d
1149 3227 1233 3268 utatos
1251 3214 1376 3280 recludit,
1396 3215 1425 3266 in
1441 3231 1528 3283 regem

463 3283 553 3336 omnia
563 3285 652 3367 palam
665 3283 799 3337 ordinans.
813 3281 875 3360 [llis
891 3301 937 3338 rex
952 3297 1084 3368 permotus
1096 3285 1126 3336 de
1136 3282 1189 3360 en]
1204 3287 1261 3368 Nec
1276 3285 1362 3338 minus
1374 3283 1419 3360 [ea
1437 3285 1527 3336 socero

461 3351 552 3437 delen]
565 3353 594 3406 rd
605 3355 733 3421 obtinuit,
752 3369 781 3407 ut
791 3373 960 3426 quecumque
965 3357 1026 3479 ἐρα·
1037 3375 1064 3408 m
1080 3375 1167 3427 regem
1177 3357 1378 3421 machinaretur,
1396 3373 1427 3407 ea
1438 3372 1527 3406 socero

462 3443 491 3476 m
581 3442 637 3477 non
654 3439 753 3491 essent,
774 3427 887 3479 maxime
905 3427 964 3478 obi
1002 3425 1075 3496 quod
1095 3429 1270 3480 Sarmatarum
1292 3426 1458 3480 infestatione
1474 3425 1528 3496 ipse

461 3441 607 3558 fflum
617 3515 734 3578 pressus,
745 3497 834 3549 alienis
851 3497 962 3580 negotiis
977 3497 1076 3550 utiliter
1090 3498 1210 3550 interesse
1225 3516 1280 3550 uon
1291 3511 1386 3570 posset.
1405 3497 1452 3550 llis
1466 3515 1527 3567 ergo

462 3584 509 3617 rex
520 3565 547 3617 in
559 3567 656 3619 Celtica
665 3581 813 3638 permotus,
825 3569 955 3640 Belgicam
963 3567 1072 3651 impetit.
1085 3571 1119 3620 At
1126 3569 1283 3621 Gislcbertns
1294 3581 1385 3639 utpote
1391 3567 1438 3637 qui
1449 3566 1527 3620 fldem

460 3637 615 3707 abruperat,
633 3634 667 3690 sd
682 3656 769 3709 regem
780 3656 836 3691 non
846 3641 931 3692 solum
943 3657 1032 3691 ventre
1042 3641 1210 3710 contempsit,
1223 3657 1312 3692 verum
1324 3639 1442 3710 pecuniis
1453 3651 1529 3707 atque

461 3724 550 3758 rernm
566 3707 796 3778 pollicitationibus
806 3711 840 3762 ab
856 3727 916 3780 rege
935 3728 1110 3780 quoscumque
1130 3722 1232 3782 poterat
1249 3710 1426 3763 subtrahebat.
1439 3709 1472 3762 Et
1482 3726 1528 3762 rex

460 3774 570 3846 quidem
581 3796 640 3830 curu
659 3779 787 3850 patienter
804 3781 861 3832 hac
876 3779 909 3833 ad
926 3792 1026 3852 tempus
1041 3780 1176 3850 toleranda
1187 3799 1242 3833 nou
1258 3781 1403 3852 ignoraret,
1415 3779 1527 3850 'lbmgtis

460 3865 525 3900 cum
535 3847 566 3899 iis
576 3849 622 3917 qui
632 3867 720 3902 secum
730 3869 762 3902 ex
773 3851 870 3903 Oeltica
881 3850 1039 3904 advenerant
1053 3853 1148 3921 ubsque
1166 3851 1279 3905 tumultu
1290 3850 1432 3916 residebst;
1446 3849 1528 3901 leuius

461 3917 520 3970 lieri
538 3921 784 3990 maerensqnicquid
803 3941 851 3992 per
868 3922 1024 3993 pacientiam
1041 3923 1185 3976 toleratur:
1199 3921 1233 3975 ad
1251 3921 1344 3975 odium
1358 3940 1395 3991 qu
1449 3939 1526 3972 esese

459 4007 515 4042 esse
526 3989 640 4042 hostium
650 4003 850 4062 recognoscens,
865 4011 925 4044 cum
936 4012 951 4045 a
962 3993 1088 4046 Rotberto
1099 3993 1162 4046 binc
1173 3993 1201 4045 in
1213 3993 1323 4058 Celtica,
1335 3993 1368 4046 ab
1381 3991 1428 4044 Gis
1437 3991 1525 4044 ebeno

460 4078 524 4113 vem
542 4059 605 4114 inde
616 4062 645 4113 in
655 4062 758 4132 belgica
769 4076 911 4133 urgeretur.
924 4064 957 4116 Et
975 4065 1114 4117 llotbertns
1167 4063 1237 4116 'dem
1255 4061 1289 4116 de
1304 4062 1371 4134 regis
1382 4062 1526 4134 abjectione

459 4131 552 4201 suique
566 4132 734 4203 provectione
745 4132 812 4186 adeo
826 4135 963 4188 laborabat
968 4175 977 4202 ,
993 4134 1021 4188 id
1056 4153 1134 4220 capu
1168 4133 1299 4208 principes
1309 4133 1345 4188 sic
1358 4133 1483 4197 obtinuit,
1496 4145 1526 4184 nt

459 4215 650 4324 qqqqraregem
666 4221 726 4256 cum
745 4220 777 4256 eo
796 4204 849 4257 lere
864 4223 954 4258 omnes
969 4225 1016 4274 cru
1036 4205 1143 4259 elisame
1162 4205 1338 4277 conjurarent.
1358 4205 1392 4257 Et
1410 4217 1525 4274 tempore

525 4293 549 4324 a.
