3417 5392
464 547 503 607 ln
838 547 1004 610 arcaea}
1021 547 1109 608 ΜΒ.λ
1127 547 1152 606 l.

674 1007 765 1060 XVII.
777 1032 814 1048 -
825 1009 975 1064 interiectio
987 1009 1109 1062 Falconis
1120 1006 1318 1078 archiepiscopi.

510 1163 592 1247 Quo
617 1185 678 1232 rex
702 1177 907 1260 comperto,
932 1163 968 1234 in
988 1161 1201 1241 balduinum
1220 1160 1342 1250 fertur,
1363 1183 1405 1232 ac
1424 1159 1533 1232 mults

462 1275 659 1350 obsidionis
675 1278 712 1348 vi
735 1292 892 1384 Quum
914 1277 1120 1352 Atrabatum
1136 1276 1183 1349 ab
1208 1301 1252 1350 eo
1271 1276 1402 1366 aufert,
1428 1291 1532 1374 atque

461 1415 545 1462 eum
562 1407 638 1466 tota
653 1395 767 1467 sancti
777 1393 921 1466 Vedasti
939 1392 1097 1484 abbatia,
1117 1391 1265 1464 Ftrleoni
1277 1389 1446 1489 praedicto
1464 1417 1533 1464 me·

461 1509 679 1608 tropolitano
695 1509 872 1583 ooneedit.
905 1516 947 1581 At
961 1525 1047 1610 post
1067 1508 1204 1606 aliquot
1225 1521 1388 1605 tempora
1407 1523 1534 1580 meno·

460 1624 639 1722 politanus
664 1625 714 1698 ob
734 1626 870 1698 itineris
893 1625 1189 1723 longinquitatem
1215 1623 1452 1721 fratmmque¹
1484 1625 1533 1695 in-

460 1741 771 1815 commoditatem⁴
792 1741 988 1816 munuum
1001 1743 1170 1814 eomitem
1182 1738 1415 1830 aocersiens',
1430 1740 1533 1812 abba·

460 1857 547 1930 tiam
567 1859 679 1933 sancti
695 1858 857 1932 Medardi
873 1867 983 1958 quam
1005 1859 1080 1960 ipse
1097 1882 1218 1930 comes
1235 1856 1396 1946 tenebat,
1426 1856 1472 1929 ab
1489 1883 1531 1929 eo

460 1975 603 2074 aoeipit,
625 1989 661 2050 et
676 2001 744 2075 pro
757 2000 801 2050 ea
825 1975 1004 2049 abbatiam
1021 1975 1133 2048 sancti
1149 1973 1294 2047 Vedasti
1311 1999 1394 2046 oum
1418 1989 1530 2046 castro

461 2091 627 2165 Anabato
645 2091 842 2166 sationibus
858 2093 1037 2190 utrimque
1055 2091 1184 2164 habitis
1200 2093 1234 2164 ei
1246 2082 1414 2190 imperiit.
1431 2092 1531 2162 Unde

461 2221 498 2279 et
513 2207 722 2282 adnimiam
733 2209 949 2308 pertrahitur
967 2207 1159 2282 balduinus
1171 2207 1427 2282 crudelitatem.
1449 2209 1531 2280 Mul

461 2337 568 2421 taque
581 2324 726 2398 affectus
743 2327 933 2416 anxietate,
948 2322 995 2397 ad
1013 2325 1188 2397 ultionem
1198 2325 1340 2424 penitus
1357 2347 1434 2396 sese
1451 2348 1531 2396 oon·

463 2443 578 2515 vertit.
605 2443 803 2515 Amicitiam
820 2467 906 2540 ergo
925 2443 1017 2516 cirea
1039 2442 1355 2541 metropolitanum
1377 2441 1528 2514 simulat.

462 2561 529 2631 Per
546 2559 679 2657 legatos
704 2584 850 2658 quoque
873 2559 1023 2632 multam
1046 2558 1323 2631 benivolentiam
1342 2557 1527 2647 mandnt⁸,

463 2673 643 2775 fidemque
660 2675 826 2778 spondet.
847 2674 937 2778 illud
957 2691 1077 2748 tamen
1094 2655 1214 2747 multa
1225 2698 1373 2747 suorum
1390 2676 1531 2747 euriosi-

463 2807 534 2865 tate
544 2793 727 2887 observat,
745 2809 867 2867 unum
877 2793 1035 2893 privatus
1047 2815 1094 2864 an
1109 2815 1193 2864 cum
1203 2792 1316 2891 oopiis
1330 2791 1423 2888 regis
1439 2788 1531 2888 pala-

464 2909 554 2984 tium
567 2925 689 3009 petere
706 2923 931 3001 oonsueseat3
946 2909 1125 3008 privatum
1139 2907 1253 2978 multo
1269 2907 1350 2978 nisu
1363 2907 1531 3005 impetere

462 3026 622 3124 cupiens.
631 3031 713 3098 Hac
726 3025 816 3098 dum
827 3026 878 3098 sie
885 3024 1116 3115 haberentur,
1130 3049 1198 3124 pro
1212 3024 1316 3120 regiis
1328 3023 1443 3094 causis
1451 3047 1533 3093 oon-

463 3141 540 3238 tigit
555 3143 743 3242 episcopos
755 3141 901 3240 Belgicae
911 3138 1009 3241 apud
1017 3165 1139 3238 regem
1152 3141 1369 3237 oongregari.
1385 3139 1489 3210 Unde
1499 3154 1534 3209 et

463 3259 758 3358 metropolitanus
772 3259 960 3331 aooersitus
976 3282 1060 3330 eum
1076 3259 1142 3329 iter
1161 3256 1356 3328 aooelerare
1374 3270 1530 3354 pararet,

463 3374 625 3446 inoautus
641 3399 725 3447 cum
740 3375 863 3475 paucis
880 3372 1076 3446 festinabat.
1099 3375 1163 3446 Cui
1181 3398 1266 3444 mox
1278 3371 1377 3444 affixit
1387 3371 1534 3470 quidam

463 3489 689 3564 Wrnemarus
711 3516 795 3564 eum
815 3491 964 3564 oohorte
982 3515 1004 3563 a
1020 3489 1195 3562 Balduino
1214 3489 1379 3560 missus⁴.
1405 3493 1534 3562 Metro·

463 3607 642 3704 politanus
658 3633 742 3681 cum
760 3624 852 3681 esset
873 3633 957 3681 oum
980 3607 1119 3708 paucis,
1146 3632 1167 3677 a
1191 3606 1339 3678 cohorte
1356 3631 1440 3676 cum
1463 3606 1532 3676 suis

464 3725 678 3824 intemeptus
692 3742 756 3799 est.
771 3725 865 3798 Nulli
880 3725 969 3824 fogae
979 3725 1079 3798 loeus
1096 3724 1220 3824 patuit.
1240 3727 1374 3794 Omnes
1387 3724 1533 3794 eircum-

463 3838 638 3912 vallantur
653 3857 759 3939 atque
770 3842 1000 3941 impetuntur.
1019 3840 1222 3916 Admodum
1240 3841 1418 3937 utrimque
1432 3835 1531 3912 dimi·

501 4051 508 4080 ¹
530 4049 583 4115 fra,
596 4069 655 4116 mo,
668 4051 771 4104 abscisa

499 4140 511 4171 ¹
529 4159 555 4193 a.
567 4141 712 4194 rationibus
726 4140 822 4194 habitis
833 4140 924 4192 deleta.

501 4229 513 4258 ⁸
530 4229 643 4300 spondet
653 4249 715 4284 corr.
728 4229 847 4284 mandat.
1066 4299 1071 4309 ι

500 4315 513 4363 ⁴·
529 4337 566 4372 m.
579 4319 699 4372 omnium
708 4337 774 4389 quos
785 4333 854 4373 terra
864 4319 971 4374 sustinet
981 4320 1188 4374 seeleratissimus
1201 4317 1291 4372 deleta.
